exchange,coin,symbol,timestamp,best_bid,best_ask,mid_price,spread_bps
Hyperliquid,ETH,,2026-06-01T12:17:22.758071+00:00,1977.2,1977.3,1977.25,0.505752939688502
Orderly,,PERP_ETH_USDC,2026-06-01T12:17:23.552587+00:00,1977.11,1977.12,1977.1149999999998,0.05057874731611922
Hyperliquid,ETH,,2026-06-01T12:18:22.862363+00:00,1978.2,1978.3,1978.25,0.5054972829516444
Orderly,,PERP_ETH_USDC,2026-06-01T12:18:23.232608+00:00,1977.94,1977.95,1977.9450000000002,0.05055752308578299
Hyperliquid,ETH,,2026-06-01T12:19:22.921261+00:00,1977.6,1977.7,1977.65,0.50565064596939
Orderly,,PERP_ETH_USDC,2026-06-01T12:19:23.343933+00:00,1977.01,1977.02,1977.0149999999999,0.050581305655196876
Hyperliquid,ETH,,2026-06-01T12:20:22.989937+00:00,1977.5,1977.6,1977.55,0.5056762155187431
Orderly,,PERP_ETH_USDC,2026-06-01T12:20:23.387698+00:00,1977.12,1977.13,1977.125,0.050578491497595135
Hyperliquid,ETH,,2026-06-01T12:21:23.061909+00:00,1981.2,1981.3,1981.25,0.5047318611982792
Orderly,,PERP_ETH_USDC,2026-06-01T12:21:24.205967+00:00,1980.77,1980.78,1980.775,0.05048528984862442
Hyperliquid,ETH,,2026-06-01T12:22:23.134809+00:00,1982.5,1982.6,1982.55,0.5044008978331394
Orderly,,PERP_ETH_USDC,2026-06-01T12:22:23.871762+00:00,1981.61,1981.62,1981.6149999999998,0.05046388930236653
Hyperliquid,ETH,,2026-06-01T12:23:23.196789+00:00,1983.0,1983.1,1983.05,0.5042737197746353
Orderly,,PERP_ETH_USDC,2026-06-01T12:23:23.764538+00:00,1982.33,1982.34,1982.335,0.05044556041229613
Hyperliquid,ETH,,2026-06-01T12:24:23.268275+00:00,1984.1,1984.2,1984.15,0.5039941536685051
Orderly,,PERP_ETH_USDC,2026-06-01T12:24:23.907883+00:00,1983.82,1983.83,1983.8249999999998,0.050407672047639816
Hyperliquid,ETH,,2026-06-01T12:25:23.355439+00:00,1984.7,1984.8,1984.75,0.5038417936763272
Hyperliquid,ETH,,2026-06-01T12:26:23.452023+00:00,1985.8,1986.0,1985.9,1.007100055390732
Orderly,,PERP_ETH_USDC,2026-06-01T12:26:23.839405+00:00,1985.0,1985.01,1985.005,0.050377706857115755
Hyperliquid,ETH,,2026-06-01T12:27:23.594092+00:00,1987.5,1987.6,1987.55,0.5031319966788712
Orderly,,PERP_ETH_USDC,2026-06-01T12:27:23.983333+00:00,1986.85,1986.86,1986.855,0.050330799177548964
Hyperliquid,ETH,,2026-06-01T12:28:23.743385+00:00,1985.9,1986.0,1985.95,0.5035373498824696
Orderly,,PERP_ETH_USDC,2026-06-01T12:28:25.309483+00:00,1984.83,1984.84,1984.835,0.050382021679338106
Hyperliquid,ETH,,2026-06-01T12:29:23.816007+00:00,1986.9,1987.0,1986.95,0.5032839276273134
Orderly,,PERP_ETH_USDC,2026-06-01T12:29:25.590674+00:00,1986.54,1986.55,1986.545,0.050338653289962745
Hyperliquid,ETH,,2026-06-01T12:30:23.962259+00:00,1987.1,1987.2,1987.15,0.5032332737847491
Orderly,,PERP_ETH_USDC,2026-06-01T12:30:26.269690+00:00,1986.52,1986.53,1986.525,0.05033916009106809
Hyperliquid,ETH,,2026-06-01T12:31:24.113028+00:00,1984.4,1984.5,1984.45,0.5039179621553027
Orderly,,PERP_ETH_USDC,2026-06-01T12:31:25.620276+00:00,1983.96,1983.97,1983.9650000000001,0.0504041149919021
Hyperliquid,ETH,,2026-06-01T12:32:24.264006+00:00,1985.1,1985.2,1985.15,0.5037402715166935
Orderly,,PERP_ETH_USDC,2026-06-01T12:32:25.282413+00:00,1984.86,1984.87,1984.8649999999998,0.05038126018641523
Hyperliquid,ETH,,2026-06-01T12:33:24.391502+00:00,1985.8,1985.9,1985.85,0.5035627061466699
Orderly,,PERP_ETH_USDC,2026-06-01T12:33:25.551710+00:00,1985.06,1985.07,1985.065,0.05037618415513298
Hyperliquid,ETH,,2026-06-01T12:34:24.539351+00:00,1984.6,1984.7,1984.65,0.5038671806118783
Orderly,,PERP_ETH_USDC,2026-06-01T12:34:27.776799+00:00,1983.82,1983.83,1983.8249999999998,0.050407672047639816
Hyperliquid,ETH,,2026-06-01T12:35:24.684457+00:00,1984.2,1984.3,1984.25,0.5039687539367975
Orderly,,PERP_ETH_USDC,2026-06-01T12:35:25.290566+00:00,1983.46,1983.47,1983.4650000000001,0.05041682106813533
Hyperliquid,ETH,,2026-06-01T12:36:24.826302+00:00,1987.0,1987.1,1987.05,0.50325859943086
Orderly,,PERP_ETH_USDC,2026-06-01T12:36:26.736643+00:00,1986.76,1986.77,1986.7649999999999,0.050333079151237844
Hyperliquid,ETH,,2026-06-01T12:37:24.837052+00:00,1987.1,1987.2,1987.15,0.5032332737847491
Orderly,,PERP_ETH_USDC,2026-06-01T12:37:26.246362+00:00,1986.69,1986.7,1986.6950000000002,0.05033485260692207
Hyperliquid,ETH,,2026-06-01T12:38:24.898084+00:00,1988.9,1989.0,1988.95,0.5027778476075772
Orderly,,PERP_ETH_USDC,2026-06-01T12:38:26.112486+00:00,1988.41,1988.42,1988.415,0.05029131242718902
Hyperliquid,ETH,,2026-06-01T12:39:25.047989+00:00,1990.2,1990.3,1990.25,0.5024494410245398
Orderly,,PERP_ETH_USDC,2026-06-01T12:39:26.535644+00:00,1990.12,1990.13,1990.125,0.0502480999948158
Hyperliquid,ETH,,2026-06-01T12:40:25.146602+00:00,1992.5,1992.6,1992.55,0.5018694637520216
Orderly,,PERP_ETH_USDC,2026-06-01T12:40:29.017132+00:00,1991.74,1991.75,1991.745,0.050207230343196074
Hyperliquid,ETH,,2026-06-01T12:41:25.211109+00:00,1991.7,1991.8,1991.75,0.5020710430521353
Orderly,,PERP_ETH_USDC,2026-06-01T12:41:29.187211+00:00,1991.16,1991.17,1991.165,0.05022185504461411
Hyperliquid,ETH,,2026-06-01T12:42:25.358296+00:00,1992.1,1992.2,1992.15,0.5019702331658581
Orderly,,PERP_ETH_USDC,2026-06-01T12:42:27.790284+00:00,1991.73,1991.74,1991.7350000000001,0.050207482421059546
Hyperliquid,ETH,,2026-06-01T12:43:25.485338+00:00,1990.0,1990.1,1990.05,0.5024999371870509
Orderly,,PERP_ETH_USDC,2026-06-01T12:43:26.656557+00:00,1989.04,1989.05,1989.045,0.050275383412597026
Hyperliquid,ETH,,2026-06-01T12:44:25.561455+00:00,1991.6,1991.7,1991.65,0.5020962518521649
Orderly,,PERP_ETH_USDC,2026-06-01T12:44:28.370513+00:00,1990.76,1990.77,1990.7649999999999,0.050231946010658744
Hyperliquid,ETH,,2026-06-01T12:45:25.604509+00:00,1992.9,1993.0,1992.95,0.5017687347896789
Orderly,,PERP_ETH_USDC,2026-06-01T12:45:29.556311+00:00,1991.61,1991.62,1991.6149999999998,0.05021050755286994
Hyperliquid,ETH,,2026-06-01T12:46:25.607549+00:00,1990.3,1990.4,1990.35,0.5024241967500009
Orderly,,PERP_ETH_USDC,2026-06-01T12:46:26.774704+00:00,1989.48,1989.49,1989.4850000000001,0.050264264369879165
Hyperliquid,ETH,,2026-06-01T12:47:25.680306+00:00,1990.2,1990.3,1990.25,0.5024494410245398
Orderly,,PERP_ETH_USDC,2026-06-01T12:47:27.918323+00:00,1989.34,1989.35,1989.3449999999998,0.050267801713583644
Hyperliquid,ETH,,2026-06-01T12:48:25.755159+00:00,1989.9,1990.0,1989.95,0.5025251890746454
Orderly,,PERP_ETH_USDC,2026-06-01T12:48:26.137743+00:00,1989.24,1989.25,1989.245,0.050270328692498444
Hyperliquid,ETH,,2026-06-01T12:49:25.774955+00:00,1990.0,1990.1,1990.05,0.5024999371870509
Orderly,,PERP_ETH_USDC,2026-06-01T12:49:26.528019+00:00,1989.62,1989.63,1989.625,0.050260727525127995
Hyperliquid,ETH,,2026-06-01T12:50:25.848447+00:00,1989.6,1989.7,1989.65,0.5026009599685192
Orderly,,PERP_ETH_USDC,2026-06-01T12:50:26.360456+00:00,1988.81,1988.82,1988.815,0.05028119759751865
Hyperliquid,ETH,,2026-06-01T12:51:25.917864+00:00,1989.6,1989.7,1989.65,0.5026009599685192
Orderly,,PERP_ETH_USDC,2026-06-01T12:51:26.529124+00:00,1988.64,1988.65,1988.645,0.05028549590294349
Hyperliquid,ETH,,2026-06-01T12:52:25.949915+00:00,1988.6,1988.7,1988.65,0.502853694718208
Orderly,,PERP_ETH_USDC,2026-06-01T12:52:27.710420+00:00,1988.05,1988.06,1988.0549999999998,0.050300419253948736
Hyperliquid,ETH,,2026-06-01T12:53:25.983500+00:00,1988.2,1988.3,1988.25,0.5029548598008754
Orderly,,PERP_ETH_USDC,2026-06-01T12:53:27.164054+00:00,1987.54,1987.55,1987.545,0.05031332623910858
Hyperliquid,ETH,,2026-06-01T12:54:26.059505+00:00,1988.1,1988.2,1988.15,0.5029801574334755
Orderly,,PERP_ETH_USDC,2026-06-01T12:54:27.543381+00:00,1987.25,1987.26,1987.255,0.05032066845971405
Hyperliquid,ETH,,2026-06-01T12:55:26.123301+00:00,1988.0,1988.1,1988.05,0.5030054576087576
Orderly,,PERP_ETH_USDC,2026-06-01T12:55:27.205016+00:00,1987.14,1987.15,1987.145,0.050323454000543014
Hyperliquid,ETH,,2026-06-01T12:56:26.167928+00:00,1989.4,1989.5,1989.45,0.5026514865913144
Orderly,,PERP_ETH_USDC,2026-06-01T12:56:27.172231+00:00,1988.74,1988.75,1988.745,0.05028296739899236
Hyperliquid,ETH,,2026-06-01T12:57:26.224258+00:00,1989.0,1989.1,1989.05,0.5027525703220586
Orderly,,PERP_ETH_USDC,2026-06-01T12:57:26.595251+00:00,1988.4,1988.41,1988.4050000000002,0.050291565350071565
Hyperliquid,ETH,,2026-06-01T12:58:26.291351+00:00,1989.6,1989.7,1989.65,0.5026009599685192
Orderly,,PERP_ETH_USDC,2026-06-01T12:58:27.108183+00:00,1989.09,1989.1,1989.0949999999998,0.05027411963727678
Hyperliquid,ETH,,2026-06-01T12:59:26.298882+00:00,1988.2,1988.3,1988.25,0.5029548598008754
Orderly,,PERP_ETH_USDC,2026-06-01T12:59:27.385978+00:00,1987.4,1987.41,1987.4050000000002,0.050316870491877115
Hyperliquid,ETH,,2026-06-01T13:00:26.361775+00:00,1989.3,1989.4,1989.35,0.5026767537142103
Orderly,,PERP_ETH_USDC,2026-06-01T13:00:26.732416+00:00,1988.32,1988.33,1988.3249999999998,0.05029358882471882
Hyperliquid,ETH,,2026-06-01T13:01:26.437759+00:00,1988.9,1989.0,1988.95,0.5027778476075772
Orderly,,PERP_ETH_USDC,2026-06-01T13:01:26.953949+00:00,1987.94,1987.95,1987.9450000000002,0.050303202553344806
Hyperliquid,ETH,,2026-06-01T13:02:26.464085+00:00,1986.4,1986.5,1986.45,0.5034106068610287
Orderly,,PERP_ETH_USDC,2026-06-01T13:02:27.437745+00:00,1985.85,1985.86,1985.855,0.0503561438271722
Hyperliquid,ETH,,2026-06-01T13:03:26.477004+00:00,1983.5,1983.6,1983.55,0.5041466058325177
Orderly,,PERP_ETH_USDC,2026-06-01T13:03:27.049468+00:00,1983.05,1983.06,1983.0549999999998,0.05042724483179189
Hyperliquid,ETH,,2026-06-01T13:04:26.478320+00:00,1984.2,1984.3,1984.25,0.5039687539367975
Orderly,,PERP_ETH_USDC,2026-06-01T13:04:26.861202+00:00,1983.56,1983.57,1983.565,0.05041427934043454
Hyperliquid,ETH,,2026-06-01T13:05:26.494331+00:00,1982.4,1982.5,1982.45,0.5044263411430757
Orderly,,PERP_ETH_USDC,2026-06-01T13:05:26.886731+00:00,1982.21,1982.22,1982.2150000000001,0.05044861430264075
Hyperliquid,ETH,,2026-06-01T13:06:26.505015+00:00,1982.3,1982.4,1982.35,0.5044517870211438
Orderly,,PERP_ETH_USDC,2026-06-01T13:06:26.892257+00:00,1982.35,1982.36,1982.355,0.05044505146651788
Orderly,,PERP_ETH_USDC,2026-06-01T13:07:27.026287+00:00,1982.34,1982.35,1982.3449999999998,0.05044530593812332
Hyperliquid,ETH,,2026-06-01T13:08:26.592483+00:00,1981.1,1981.2,1981.15,0.5047573379104885
Orderly,,PERP_ETH_USDC,2026-06-01T13:08:29.241540+00:00,1980.93,1980.94,1980.935,0.05048121215482035
Hyperliquid,ETH,,2026-06-01T13:09:26.665316+00:00,1980.9,1981.0,1980.95,0.5048082990479772
Orderly,,PERP_ETH_USDC,2026-06-01T13:09:28.212810+00:00,1980.83,1980.84,1980.835,0.05048376063625141
Hyperliquid,ETH,,2026-06-01T13:10:26.697228+00:00,1980.2,1980.4,1980.3000000000002,1.009947987678864
Orderly,,PERP_ETH_USDC,2026-06-01T13:10:27.785155+00:00,1980.48,1980.49,1980.4850000000001,0.050492682347964786
Hyperliquid,ETH,,2026-06-01T13:11:26.771664+00:00,1975.1,1975.2,1975.15,0.5062906614694399
Orderly,,PERP_ETH_USDC,2026-06-01T13:11:28.017249+00:00,1976.2,1976.21,1976.205,0.050602037744013936
Hyperliquid,ETH,,2026-06-01T13:12:26.844396+00:00,1974.0,1974.1,1974.05,0.5065727818439708
Orderly,,PERP_ETH_USDC,2026-06-01T13:12:27.650514+00:00,1973.48,1973.49,1973.4850000000001,0.050671781138396814
Hyperliquid,ETH,,2026-06-01T13:13:26.887012+00:00,1974.4,1974.5,1974.45,0.5064701562455826
Orderly,,PERP_ETH_USDC,2026-06-01T13:13:27.951395+00:00,1973.95,1973.96,1973.955,0.05065971615356432
Hyperliquid,ETH,,2026-06-01T13:14:26.961887+00:00,1973.8,1973.9,1973.85,0.5066241102420975
Orderly,,PERP_ETH_USDC,2026-06-01T13:14:29.559760+00:00,1973.38,1973.66,1973.52,1.4187847095543633
Hyperliquid,ETH,,2026-06-01T13:15:27.031517+00:00,1976.9,1977.0,1976.95,0.5058296871438784
Orderly,,PERP_ETH_USDC,2026-06-01T13:15:28.401212+00:00,1977.18,1977.19,1977.185,0.05057695663274254
Hyperliquid,ETH,,2026-06-01T13:16:27.064099+00:00,1975.3,1975.4,1975.35,0.5062394006132404
Orderly,,PERP_ETH_USDC,2026-06-01T13:16:28.573138+00:00,1974.98,1974.99,1974.9850000000001,0.0506332959490371
Hyperliquid,ETH,,2026-06-01T13:17:27.110066+00:00,1978.8,1978.9,1978.85,0.5053440129374962
Orderly,,PERP_ETH_USDC,2026-06-01T13:17:28.651732+00:00,1978.45,1978.46,1978.455,0.05054449052412567
Hyperliquid,ETH,,2026-06-01T13:18:27.182153+00:00,1977.5,1977.8,1977.65,1.5169519379058707
Orderly,,PERP_ETH_USDC,2026-06-01T13:18:29.818312+00:00,1977.83,1977.84,1977.835,0.05056033491161247
Hyperliquid,ETH,,2026-06-01T13:19:27.256066+00:00,1976.3,1976.4,1976.35,0.5059832519550507
Orderly,,PERP_ETH_USDC,2026-06-01T13:19:27.932742+00:00,1975.67,1975.68,1975.6750000000002,0.05061561238559432
Hyperliquid,ETH,,2026-06-01T13:20:27.285177+00:00,1978.7,1978.8,1978.75,0.5053695514840635
Orderly,,PERP_ETH_USDC,2026-06-01T13:20:28.240170+00:00,1978.09,1978.1,1978.0949999999998,0.0505536892818136
Hyperliquid,ETH,,2026-06-01T13:21:27.359347+00:00,1979.4,1979.5,1979.45,0.5051908358377784
Orderly,,PERP_ETH_USDC,2026-06-01T13:21:28.477768+00:00,1979.34,1979.35,1979.3449999999998,0.05052176351263123
Hyperliquid,ETH,,2026-06-01T13:22:27.387523+00:00,1978.1,1978.2,1978.15,0.5055228369948509
Orderly,,PERP_ETH_USDC,2026-06-01T13:22:28.486277+00:00,1977.76,1977.77,1977.7649999999999,0.05056212441817358
Hyperliquid,ETH,,2026-06-01T13:23:27.445410+00:00,1975.8,1975.9,1975.85,0.5061112938742133
Orderly,,PERP_ETH_USDC,2026-06-01T13:23:28.243478+00:00,1975.18,1975.19,1975.185,0.05062816900690773
Hyperliquid,ETH,,2026-06-01T13:24:27.520075+00:00,1974.3,1974.4,1974.35,0.5064958087478736
Orderly,,PERP_ETH_USDC,2026-06-01T13:24:28.729565+00:00,1973.66,1973.67,1973.665,0.05066715982697624
Hyperliquid,ETH,,2026-06-01T13:25:27.574364+00:00,1974.0,1974.1,1974.05,0.5065727818439708
Orderly,,PERP_ETH_USDC,2026-06-01T13:25:29.222030+00:00,1973.76,1973.77,1973.7649999999999,0.05066459279595547
Hyperliquid,ETH,,2026-06-01T13:26:27.598514+00:00,1973.7,1973.8,1973.75,0.5066497783402611
Orderly,,PERP_ETH_USDC,2026-06-01T13:26:28.759319+00:00,1973.36,1973.37,1973.3649999999998,0.05067486248104586
Hyperliquid,ETH,,2026-06-01T13:27:27.647025+00:00,1973.5,1973.6,1973.55,0.5067011223425252
Orderly,,PERP_ETH_USDC,2026-06-01T13:27:28.113899+00:00,1973.3,1973.31,1973.3049999999998,0.0506764032929066
Hyperliquid,ETH,,2026-06-01T13:28:27.705297+00:00,1976.3,1976.4,1976.35,0.5059832519550507
Orderly,,PERP_ETH_USDC,2026-06-01T13:28:29.452105+00:00,1975.98,1975.99,1975.9850000000001,0.050607671616894376
Hyperliquid,ETH,,2026-06-01T13:29:27.779396+00:00,1975.1,1975.3,1975.1999999999998,1.0125556905632114
Orderly,,PERP_ETH_USDC,2026-06-01T13:29:28.568173+00:00,1975.0,1975.01,1975.005,0.05063278320809773
Hyperliquid,ETH,,2026-06-01T13:30:27.824986+00:00,1975.4,1975.6,1975.5,1.012401923562734
Orderly,,PERP_ETH_USDC,2026-06-01T13:30:29.245388+00:00,1974.52,1974.53,1974.525,0.05064509185748929
Hyperliquid,ETH,,2026-06-01T13:31:27.898896+00:00,1977.5,1977.6,1977.55,0.5056762155187431
Orderly,,PERP_ETH_USDC,2026-06-01T13:31:29.408305+00:00,1977.15,1977.16,1977.1550000000002,0.05057772405294933
Hyperliquid,ETH,,2026-06-01T13:32:27.974740+00:00,1978.5,1978.6,1978.55,0.5054206363241215
Orderly,,PERP_ETH_USDC,2026-06-01T13:32:30.119712+00:00,1977.71,1977.72,1977.7150000000001,0.0505634027147031
Hyperliquid,ETH,,2026-06-01T13:33:28.002556+00:00,1981.6,1981.7,1981.65,0.5046299800678042
Orderly,,PERP_ETH_USDC,2026-06-01T13:33:28.865626+00:00,1980.55,1980.56,1980.5549999999998,0.05049089775336159
Hyperliquid,ETH,,2026-06-01T13:34:28.076672+00:00,1982.7,1982.8,1982.75,0.504350018912667
Orderly,,PERP_ETH_USDC,2026-06-01T13:34:29.743778+00:00,1980.13,1980.14,1980.1350000000002,0.05050160721360364
Hyperliquid,ETH,,2026-06-01T13:35:28.143529+00:00,1981.2,1981.3,1981.25,0.5047318611982792
Orderly,,PERP_ETH_USDC,2026-06-01T13:35:30.717376+00:00,1980.33,1980.34,1980.335,0.05049650690408898
Hyperliquid,ETH,,2026-06-01T13:36:28.202708+00:00,1981.2,1981.3,1981.25,0.5047318611982792
Orderly,,PERP_ETH_USDC,2026-06-01T13:36:31.729971+00:00,1980.14,1980.15,1980.145,0.050501352173658524
Hyperliquid,ETH,,2026-06-01T13:37:28.276111+00:00,1979.5,1979.6,1979.55,0.5051653153489887
Orderly,,PERP_ETH_USDC,2026-06-01T13:37:29.942144+00:00,1979.24,1979.25,1979.245,0.05052431609018038
Hyperliquid,ETH,,2026-06-01T13:38:28.349597+00:00,1980.6,1980.7,1980.65,0.5048847600542066
Orderly,,PERP_ETH_USDC,2026-06-01T13:38:29.801499+00:00,1979.59,1979.6,1979.5949999999998,0.050515383197022146
Hyperliquid,ETH,,2026-06-01T13:39:28.423973+00:00,1982.3,1982.4,1982.35,0.5044517870211438
Orderly,,PERP_ETH_USDC,2026-06-01T13:39:29.568667+00:00,1981.67,1981.68,1981.6750000000002,0.05046236138615517
Hyperliquid,ETH,,2026-06-01T13:40:28.490509+00:00,1978.8,1978.9,1978.85,0.5053440129374962
Orderly,,PERP_ETH_USDC,2026-06-01T13:40:29.742371+00:00,1977.93,1977.94,1977.935,0.050557778693389344
Hyperliquid,ETH,,2026-06-01T13:41:28.496806+00:00,1975.3,1975.4,1975.35,0.5062394006132404
Orderly,,PERP_ETH_USDC,2026-06-01T13:41:28.930679+00:00,1974.84,1974.85,1974.8449999999998,0.05063688542640514
Hyperliquid,ETH,,2026-06-01T13:42:28.569624+00:00,1977.2,1977.3,1977.25,0.505752939688502
Orderly,,PERP_ETH_USDC,2026-06-01T13:42:30.164995+00:00,1976.16,1976.17,1976.165,0.05060306199123507
Hyperliquid,ETH,,2026-06-01T13:43:28.587970+00:00,1977.1,1977.2,1977.15,0.5057785195869632
Orderly,,PERP_ETH_USDC,2026-06-01T13:43:29.274554+00:00,1976.77,1976.78,1976.775,0.050587446725049154
Hyperliquid,ETH,,2026-06-01T13:44:28.595994+00:00,1975.3,1975.4,1975.35,0.5062394006132404
Orderly,,PERP_ETH_USDC,2026-06-01T13:44:30.126221+00:00,1974.28,1974.29,1974.2849999999999,0.05065124842659953
Hyperliquid,ETH,,2026-06-01T13:45:28.660695+00:00,1975.5,1975.6,1975.55,0.5061881501349449
Orderly,,PERP_ETH_USDC,2026-06-01T13:45:32.130124+00:00,1975.92,1975.93,1975.9250000000002,0.050609208345412424
Hyperliquid,ETH,,2026-06-01T13:46:28.736664+00:00,1977.9,1978.0,1977.95,0.5055739528294904
Orderly,,PERP_ETH_USDC,2026-06-01T13:46:31.492371+00:00,1977.23,1977.24,1977.2350000000001,0.05057567765081492
Hyperliquid,ETH,,2026-06-01T13:47:28.783270+00:00,1978.1,1978.2,1978.15,0.5055228369948509
Orderly,,PERP_ETH_USDC,2026-06-01T13:47:29.996237+00:00,1977.33,1977.34,1977.335,0.050573119881006025
Hyperliquid,ETH,,2026-06-01T13:48:28.920221+00:00,1978.2,1978.3,1978.25,0.5054972829516444
Orderly,,PERP_ETH_USDC,2026-06-01T13:48:32.547343+00:00,1976.95,1976.96,1976.955,0.050582840782875206
Hyperliquid,ETH,,2026-06-01T13:49:29.061249+00:00,1975.1,1975.2,1975.15,0.5062906614694399
Orderly,,PERP_ETH_USDC,2026-06-01T13:49:35.388417+00:00,1973.78,1973.79,1973.7849999999999,0.050664079420964826
Hyperliquid,ETH,,2026-06-01T13:50:29.210683+00:00,1976.6,1976.7,1976.65,0.5059064578966251
Orderly,,PERP_ETH_USDC,2026-06-01T13:50:31.154936+00:00,1975.83,1975.84,1975.835,0.050611513613185846
Hyperliquid,ETH,,2026-06-01T13:51:29.220008+00:00,1975.7,1975.8,1975.75,0.506136910033704
Orderly,,PERP_ETH_USDC,2026-06-01T13:51:30.978765+00:00,1974.78,1974.79,1974.7849999999999,0.05063842392964756
Hyperliquid,ETH,,2026-06-01T13:52:29.266488+00:00,1970.8,1970.9,1970.85,0.5073952862984825
Orderly,,PERP_ETH_USDC,2026-06-01T13:52:31.211021+00:00,1970.24,1970.25,1970.245,0.05075510913612726
Hyperliquid,ETH,,2026-06-01T13:53:29.321389+00:00,1973.3,1973.4,1973.35,0.5067524767534215
Orderly,,PERP_ETH_USDC,2026-06-01T13:53:31.822003+00:00,1972.06,1972.07,1972.065,0.050708267729465836
Hyperliquid,ETH,,2026-06-01T13:54:29.367419+00:00,1970.1,1970.2,1970.15,0.5075755653129783
Orderly,,PERP_ETH_USDC,2026-06-01T13:54:32.480949+00:00,1970.37,1970.38,1970.375,0.05075176045279847
Hyperliquid,ETH,,2026-06-01T13:55:29.417895+00:00,1962.6,1962.7,1962.65,0.5095151962914244
Orderly,,PERP_ETH_USDC,2026-06-01T13:55:34.810877+00:00,1960.55,1960.56,1960.5549999999998,0.05100596514757763
Hyperliquid,ETH,,2026-06-01T13:56:29.493886+00:00,1963.9,1964.0,1963.95,0.5091779322279542
Orderly,,PERP_ETH_USDC,2026-06-01T13:56:30.151915+00:00,1959.51,1959.52,1959.5149999999999,0.05103303623596097
Hyperliquid,ETH,,2026-06-01T13:57:29.568823+00:00,1961.7,1961.8,1961.75,0.5097489486423299
Orderly,,PERP_ETH_USDC,2026-06-01T13:57:33.389978+00:00,1960.65,1960.66,1960.6550000000002,0.05100336367178777
Hyperliquid,ETH,,2026-06-01T13:58:29.630118+00:00,1968.0,1968.1,1968.05,0.5081171718193596
Orderly,,PERP_ETH_USDC,2026-06-01T13:58:30.806628+00:00,1966.52,1966.53,1966.525,0.050851120631524666
Orderly,,PERP_ETH_USDC,2026-06-01T13:59:49.692645+00:00,1968.84,1968.85,1968.8449999999998,0.050791199916656246
Hyperliquid,ETH,,2026-06-01T14:00:29.714377+00:00,1970.3,1970.4,1970.35,0.5075240439522746
Orderly,,PERP_ETH_USDC,2026-06-01T14:00:31.668863+00:00,1968.42,1968.43,1968.4250000000002,0.05080203716164398
Hyperliquid,ETH,,2026-06-01T14:01:29.781529+00:00,1973.7,1973.8,1973.75,0.5066497783402611
Orderly,,PERP_ETH_USDC,2026-06-01T14:01:32.459812+00:00,1972.58,1972.59,1972.585,0.05069490034645354
Hyperliquid,ETH,,2026-06-01T14:02:29.822180+00:00,1974.4,1974.5,1974.45,0.5064701562455826
Orderly,,PERP_ETH_USDC,2026-06-01T14:02:32.527930+00:00,1973.22,1973.23,1973.225,0.0506784578544814
Hyperliquid,ETH,,2026-06-01T14:03:29.877023+00:00,1973.6,1973.7,1973.65,0.506675449041808
Orderly,,PERP_ETH_USDC,2026-06-01T14:03:31.686582+00:00,1972.37,1972.38,1972.375,0.050700297865356625
Hyperliquid,ETH,,2026-06-01T14:04:29.949623+00:00,1975.4,1975.5,1975.45,0.5062137740763323
Orderly,,PERP_ETH_USDC,2026-06-01T14:04:32.462912+00:00,1973.86,1973.87,1973.8649999999998,0.0506620260250367
Hyperliquid,ETH,,2026-06-01T14:05:29.974761+00:00,1974.7,1974.8,1974.75,0.5063932143304674
Orderly,,PERP_ETH_USDC,2026-06-01T14:05:32.336651+00:00,1973.17,1973.18,1973.1750000000002,0.05067974204006692
Hyperliquid,ETH,,2026-06-01T14:06:30.017214+00:00,1970.8,1971.2,1971.0,2.029426686961395
Orderly,,PERP_ETH_USDC,2026-06-01T14:06:32.810257+00:00,1968.82,1968.83,1968.8249999999998,0.05079171587109523
Hyperliquid,ETH,,2026-06-01T14:07:30.090183+00:00,1969.2,1969.3,1969.25,0.5078075409415211
Orderly,,PERP_ETH_USDC,2026-06-01T14:07:32.347338+00:00,1967.73,1967.74,1967.7350000000001,0.05081985125024916
Hyperliquid,ETH,,2026-06-01T14:08:30.165362+00:00,1968.5,1968.6,1968.55,0.507988113077692
Orderly,,PERP_ETH_USDC,2026-06-01T14:08:32.133999+00:00,1967.3,1967.31,1967.3049999999998,0.05083095910390563
Hyperliquid,ETH,,2026-06-01T14:09:30.211331+00:00,1970.2,1970.3,1970.25,0.5075498033239896
Orderly,,PERP_ETH_USDC,2026-06-01T14:09:31.993991+00:00,1968.84,1968.85,1968.8449999999998,0.050791199916656246
Hyperliquid,ETH,,2026-06-01T14:10:30.283109+00:00,1968.4,1968.5,1968.45,0.5080139195809344
Orderly,,PERP_ETH_USDC,2026-06-01T14:10:32.284271+00:00,1966.33,1966.55,1966.44,1.1187730111268448
Hyperliquid,ETH,,2026-06-01T14:11:30.356953+00:00,1967.4,1967.5,1967.45,0.5082721288973496
Orderly,,PERP_ETH_USDC,2026-06-01T14:11:31.009062+00:00,1965.65,1965.66,1965.6550000000002,0.05087362736589536
Hyperliquid,ETH,,2026-06-01T14:12:30.358073+00:00,1966.1,1966.3,1966.1999999999998,1.017190519784587
Orderly,,PERP_ETH_USDC,2026-06-01T14:12:31.080310+00:00,1964.73,1964.74,1964.7350000000001,0.05089744927428332
Hyperliquid,ETH,,2026-06-01T14:13:30.365406+00:00,1967.4,1967.5,1967.45,0.5082721288973496
Orderly,,PERP_ETH_USDC,2026-06-01T14:13:31.661614+00:00,1965.9,1965.91,1965.9050000000002,0.050867157873808265
Hyperliquid,ETH,,2026-06-01T14:14:30.488040+00:00,1969.5,1969.6,1969.55,0.5077301921754159
Orderly,,PERP_ETH_USDC,2026-06-01T14:14:34.606096+00:00,1968.55,1968.56,1968.5549999999998,0.0507986822821354
Hyperliquid,ETH,,2026-06-01T14:15:30.586233+00:00,1967.5,1967.6,1967.55,0.5082462961546546
Orderly,,PERP_ETH_USDC,2026-06-01T14:15:33.236879+00:00,1966.28,1966.29,1966.2849999999999,0.05085732739654174
Hyperliquid,ETH,,2026-06-01T14:16:30.672954+00:00,1966.0,1966.1,1966.05,0.5086340632227515
Orderly,,PERP_ETH_USDC,2026-06-01T14:16:33.200633+00:00,1964.32,1964.38,1964.35,0.30544454908836416
Hyperliquid,ETH,,2026-06-01T14:17:30.816221+00:00,1968.6,1968.7,1968.65,0.5079623091973505
Orderly,,PERP_ETH_USDC,2026-06-01T14:17:32.038163+00:00,1967.41,1967.42,1967.415,0.050828117097769944
Hyperliquid,ETH,,2026-06-01T14:18:30.956691+00:00,1970.8,1970.9,1970.85,0.5073952862984825
Orderly,,PERP_ETH_USDC,2026-06-01T14:18:31.704137+00:00,1969.33,1969.34,1969.335,0.05077856230651923
Hyperliquid,ETH,,2026-06-01T14:19:31.090526+00:00,1968.7,1968.8,1968.75,0.5079365079360461
Orderly,,PERP_ETH_USDC,2026-06-01T14:19:31.671747+00:00,1967.18,1967.37,1967.275,0.965802950781295
Hyperliquid,ETH,,2026-06-01T14:20:31.238929+00:00,1969.6,1969.7,1969.65,0.5077044144905766
Orderly,,PERP_ETH_USDC,2026-06-01T14:20:31.612940+00:00,1967.92,1967.93,1967.9250000000002,0.050814944675182765
Hyperliquid,ETH,,2026-06-01T14:21:31.247534+00:00,1969.1,1969.2,1969.15,0.5078333291020817
Orderly,,PERP_ETH_USDC,2026-06-01T14:21:32.370607+00:00,1967.31,1967.32,1967.315,0.05083070072657864
Hyperliquid,ETH,,2026-06-01T14:22:31.297374+00:00,1968.7,1968.8,1968.75,0.5079365079360461
Orderly,,PERP_ETH_USDC,2026-06-01T14:22:33.322601+00:00,1966.96,1966.97,1966.9650000000001,0.050839745496187805
Hyperliquid,ETH,,2026-06-01T14:23:31.373350+00:00,1971.5,1971.6,1971.55,0.5072151352991761
Orderly,,PERP_ETH_USDC,2026-06-01T14:23:33.178305+00:00,1969.79,1969.8,1969.795,0.050766704149370394
Hyperliquid,ETH,,2026-06-01T14:24:31.409299+00:00,1970.6,1970.7,1970.65,0.5074467815194805
Orderly,,PERP_ETH_USDC,2026-06-01T14:24:32.371486+00:00,1969.07,1969.08,1969.0749999999998,0.050785267193940845
Hyperliquid,ETH,,2026-06-01T14:25:31.430014+00:00,1970.1,1970.2,1970.15,0.5075755653129783
Orderly,,PERP_ETH_USDC,2026-06-01T14:25:35.401488+00:00,1968.32,1968.33,1968.3249999999998,0.0508046181397427
Hyperliquid,ETH,,2026-06-01T14:26:31.502043+00:00,1967.4,1967.5,1967.45,0.5082721288973496
Orderly,,PERP_ETH_USDC,2026-06-01T14:26:32.982902+00:00,1965.56,1965.57,1965.565,0.050875956785916034
Hyperliquid,ETH,,2026-06-01T14:27:31.576537+00:00,1965.8,1965.9,1965.85,0.5086858102100182
Orderly,,PERP_ETH_USDC,2026-06-01T14:27:36.838507+00:00,1963.87,1963.88,1963.875,0.050919737764461986
Hyperliquid,ETH,,2026-06-01T14:28:31.637576+00:00,1967.2,1967.3,1967.25,0.5083238022615786
Orderly,,PERP_ETH_USDC,2026-06-01T14:28:35.456799+00:00,1965.53,1965.54,1965.5349999999999,0.05087673330666158
Hyperliquid,ETH,,2026-06-01T15:31:38.904599+00:00,1970.5,1970.6,1970.55,0.5074725330486872
Orderly,,PERP_ETH_USDC,2026-06-01T15:31:40.156700+00:00,1968.85,1968.86,1968.855,0.05079094194336762
Hyperliquid,ETH,,2026-06-01T15:32:38.925209+00:00,1972.0,1972.1,1972.05,0.5070865343166201
Orderly,,PERP_ETH_USDC,2026-06-01T15:32:39.346347+00:00,1969.51,1969.52,1969.5149999999999,0.05077392149839379
Orderly,,PERP_ETH_USDC,2026-06-01T15:33:44.004499+00:00,1972.57,1972.58,1972.5749999999998,0.05069515734504851
Hyperliquid,ETH,,2026-06-01T15:40:39.620212+00:00,1973.6,1973.7,1973.65,0.506675449041808
Orderly,,PERP_ETH_USDC,2026-06-01T15:40:40.972281+00:00,1971.06,1971.07,1971.065,0.050733994059003154
Hyperliquid,ETH,,2026-06-01T15:41:39.747880+00:00,1973.8,1974.0,1973.9,1.0132225543342899
Orderly,,PERP_ETH_USDC,2026-06-01T15:41:40.534959+00:00,1971.71,1971.72,1971.7150000000001,0.050717268976454025
Hyperliquid,ETH,,2026-06-01T15:42:39.850744+00:00,1974.0,1974.1,1974.05,0.5065727818439708
Orderly,,PERP_ETH_USDC,2026-06-01T15:42:40.274580+00:00,1972.11,1972.12,1972.1149999999998,0.05070698209785386
Hyperliquid,ETH,,2026-06-01T15:43:39.945883+00:00,1974.9,1975.0,1974.95,0.5063419327066966
Orderly,,PERP_ETH_USDC,2026-06-01T15:43:40.341976+00:00,1972.91,1972.92,1972.915,0.0506864208543749
Hyperliquid,ETH,,2026-06-01T15:44:40.094218+00:00,1973.5,1973.6,1973.55,0.5067011223425252
Orderly,,PERP_ETH_USDC,2026-06-01T15:44:42.605369+00:00,1971.61,1971.62,1971.6149999999998,0.05071984134829014
Hyperliquid,ETH,,2026-06-01T15:45:40.235291+00:00,1974.1,1974.2,1974.15,0.5065471215466728
Orderly,,PERP_ETH_USDC,2026-06-01T15:45:42.086071+00:00,1972.35,1972.36,1972.355,0.05070081197345764
Hyperliquid,ETH,,2026-06-01T15:46:40.278728+00:00,1972.5,1972.6,1972.55,0.5069579985293607
Orderly,,PERP_ETH_USDC,2026-06-01T15:46:40.843459+00:00,1970.83,1970.84,1970.835,0.050739914807636885
Hyperliquid,ETH,,2026-06-01T15:47:40.389731+00:00,1972.1,1972.2,1972.15,0.5070608219462841
Orderly,,PERP_ETH_USDC,2026-06-01T15:47:41.359733+00:00,1969.94,1969.95,1969.9450000000002,0.05076283855636022
Hyperliquid,ETH,,2026-06-01T15:48:40.504446+00:00,1970.4,1970.5,1970.45,0.5074982871928192
Orderly,,PERP_ETH_USDC,2026-06-01T15:48:40.973699+00:00,1968.86,1968.87,1968.8649999999998,0.050790683972699535
Hyperliquid,ETH,,2026-06-01T15:49:40.652322+00:00,1970.7,1970.8,1970.75,0.5074210326013399
Orderly,,PERP_ETH_USDC,2026-06-01T15:49:41.089868+00:00,1968.94,1968.95,1968.9450000000002,0.05078862030168899
Hyperliquid,ETH,,2026-06-01T15:50:40.799658+00:00,1969.4,1969.5,1969.45,0.5077559724791645
Orderly,,PERP_ETH_USDC,2026-06-01T15:50:42.494871+00:00,1967.56,1967.57,1967.565,0.050824242146973064
Hyperliquid,ETH,,2026-06-01T15:51:40.941313+00:00,1969.7,1969.8,1969.75,0.5076786394207846
Orderly,,PERP_ETH_USDC,2026-06-01T15:51:44.429477+00:00,1967.67,1967.68,1967.6750000000002,0.05082140089186936
Hyperliquid,ETH,,2026-06-01T15:52:41.079792+00:00,1969.1,1969.2,1969.15,0.5078333291020817
Orderly,,PERP_ETH_USDC,2026-06-01T15:52:43.841525+00:00,1966.77,1966.78,1966.775,0.05084465686207576
Hyperliquid,ETH,,2026-06-01T15:53:41.172780+00:00,1969.8,1969.9,1969.85,0.5076528669702588
Orderly,,PERP_ETH_USDC,2026-06-01T15:53:41.623175+00:00,1967.85,1967.86,1967.855,0.0508167522505007
Hyperliquid,ETH,,2026-06-01T15:54:41.323251+00:00,1969.3,1969.4,1969.35,0.5077817554022211
Orderly,,PERP_ETH_USDC,2026-06-01T15:54:41.672440+00:00,1967.26,1967.27,1967.2649999999999,0.05083199263948124
Hyperliquid,ETH,,2026-06-01T15:55:41.464100+00:00,1968.3,1968.4,1968.35,0.5080397287074779
Orderly,,PERP_ETH_USDC,2026-06-01T15:55:41.853221+00:00,1966.56,1966.57,1966.565,0.050850086317975274
Hyperliquid,ETH,,2026-06-01T15:56:41.610033+00:00,1968.9,1969.0,1968.95,0.5078849132781892
Orderly,,PERP_ETH_USDC,2026-06-01T15:56:43.882657+00:00,1967.1,1967.11,1967.105,0.05083612720211125
Hyperliquid,ETH,,2026-06-01T15:57:41.737979+00:00,1968.2,1968.3,1968.25,0.5080655404542566
Orderly,,PERP_ETH_USDC,2026-06-01T15:57:42.102984+00:00,1966.43,1966.44,1966.435,0.05085344799086115
Hyperliquid,ETH,,2026-06-01T15:58:41.888976+00:00,1967.6,1967.7,1967.65,0.5082204660388607
Orderly,,PERP_ETH_USDC,2026-06-01T15:58:45.064879+00:00,1965.42,1965.43,1965.4250000000002,0.050879580752208324
Hyperliquid,ETH,,2026-06-01T15:59:42.021563+00:00,1968.0,1968.2,1968.1,1.0162085259897642
Orderly,,PERP_ETH_USDC,2026-06-01T15:59:43.844346+00:00,1966.24,1966.25,1966.245,0.05085836200468866
Hyperliquid,ETH,,2026-06-01T16:00:42.150880+00:00,1969.2,1969.3,1969.25,0.5078075409415211
Orderly,,PERP_ETH_USDC,2026-06-01T16:00:45.424476+00:00,1967.33,1967.34,1967.335,0.05083018397980468
Hyperliquid,ETH,,2026-06-01T16:01:42.213250+00:00,1968.6,1968.7,1968.65,0.5079623091973505
Orderly,,PERP_ETH_USDC,2026-06-01T16:01:42.598018+00:00,1966.5,1966.51,1966.505,0.05085163780407832
Hyperliquid,ETH,,2026-06-01T16:02:42.346062+00:00,1970.9,1971.0,1970.95,0.507369542605896
Orderly,,PERP_ETH_USDC,2026-06-01T16:02:43.166165+00:00,1968.84,1968.85,1968.8449999999998,0.050791199916656246
Hyperliquid,ETH,,2026-06-01T16:03:42.478685+00:00,1970.3,1970.4,1970.35,0.5075240439522746
Orderly,,PERP_ETH_USDC,2026-06-01T16:03:44.222851+00:00,1968.22,1968.23,1968.225,0.05080719938010596
Hyperliquid,ETH,,2026-06-01T16:04:42.560635+00:00,1970.4,1970.5,1970.45,0.5074982871928192
Orderly,,PERP_ETH_USDC,2026-06-01T16:04:43.215059+00:00,1968.44,1968.45,1968.4450000000002,0.05080152099749246
Hyperliquid,ETH,,2026-06-01T16:05:42.703633+00:00,1968.6,1968.7,1968.65,0.5079623091973505
Orderly,,PERP_ETH_USDC,2026-06-01T16:05:43.144371+00:00,1966.87,1966.88,1966.875,0.05084207181553621
Hyperliquid,ETH,,2026-06-01T16:06:42.844797+00:00,1967.6,1967.7,1967.65,0.5082204660388607
Orderly,,PERP_ETH_USDC,2026-06-01T16:06:43.633684+00:00,1966.02,1966.03,1966.025,0.05086405310202517
Hyperliquid,ETH,,2026-06-01T16:07:42.957742+00:00,1967.0,1967.1,1967.05,0.5083754861335963
Orderly,,PERP_ETH_USDC,2026-06-01T16:07:45.219721+00:00,1965.27,1965.28,1965.275,0.0508834641461928
Hyperliquid,ETH,,2026-06-01T16:08:43.104161+00:00,1964.5,1964.6,1964.55,0.5090224224372455
Orderly,,PERP_ETH_USDC,2026-06-01T16:08:44.515276+00:00,1962.28,1962.29,1962.2849999999999,0.05096099700089898
Hyperliquid,ETH,,2026-06-01T16:09:43.255129+00:00,1964.5,1964.6,1964.55,0.5090224224372455
Orderly,,PERP_ETH_USDC,2026-06-01T16:09:49.141511+00:00,1962.68,1962.69,1962.685,0.050950611025156384
Hyperliquid,ETH,,2026-06-01T16:10:43.398225+00:00,1962.7,1962.8,1962.75,0.5094892370394042
Orderly,,PERP_ETH_USDC,2026-06-01T16:10:45.424674+00:00,1960.81,1960.82,1960.815,0.050999201862444464
Hyperliquid,ETH,,2026-06-01T16:11:43.546897+00:00,1960.7,1960.8,1960.75,0.5100089251557264
Orderly,,PERP_ETH_USDC,2026-06-01T16:11:44.988121+00:00,1959.32,1959.33,1959.3249999999998,0.05103798502030498
Hyperliquid,ETH,,2026-06-01T16:12:43.697849+00:00,1961.4,1961.6,1961.5,1.0196278358389912
Orderly,,PERP_ETH_USDC,2026-06-01T16:12:45.481671+00:00,1958.49,1958.5,1958.495,0.05105961465304178
Hyperliquid,ETH,,2026-06-01T16:13:43.761234+00:00,1962.4,1962.5,1962.45,0.509567122728778
Orderly,,PERP_ETH_USDC,2026-06-01T16:13:44.512105+00:00,1960.56,1960.57,1960.565,0.05100570498805653
Hyperliquid,ETH,,2026-06-01T16:14:43.909514+00:00,1965.7,1965.8,1965.75,0.5087116876505611
Orderly,,PERP_ETH_USDC,2026-06-01T16:14:45.298033+00:00,1964.16,1964.17,1964.165,0.050912219696364135
Hyperliquid,ETH,,2026-06-01T16:15:43.984028+00:00,1965.3,1965.4,1965.35,0.5088152237521888
Orderly,,PERP_ETH_USDC,2026-06-01T16:15:45.168045+00:00,1963.0,1963.01,1963.005,0.05094230529209505
Orderly,,PERP_ETH_USDC,2026-06-01T16:17:04.154534+00:00,1963.84,1963.85,1963.8449999999998,0.050920515621094876
Hyperliquid,ETH,,2026-06-01T16:17:44.285955+00:00,1965.1,1965.2,1965.15,0.508867007608256
Orderly,,PERP_ETH_USDC,2026-06-01T16:17:44.996179+00:00,1963.87,1963.88,1963.875,0.050919737764461986
Hyperliquid,ETH,,2026-06-01T16:18:44.351248+00:00,1966.4,1966.5,1966.45,0.5085306008284424
Orderly,,PERP_ETH_USDC,2026-06-01T16:18:45.097520+00:00,1965.0,1965.01,1965.005,0.05089045574943017
Hyperliquid,ETH,,2026-06-01T16:19:44.493972+00:00,1967.5,1967.6,1967.55,0.5082462961546546
Orderly,,PERP_ETH_USDC,2026-06-01T16:19:48.719890+00:00,1965.77,1965.78,1965.775,0.05087052180433114
Hyperliquid,ETH,,2026-06-01T16:20:44.638383+00:00,1966.2,1966.3,1966.25,0.5085823267636824
Orderly,,PERP_ETH_USDC,2026-06-01T16:20:50.325588+00:00,1964.4,1964.41,1964.4050000000002,0.050905999526527905
Hyperliquid,ETH,,2026-06-01T16:21:44.788547+00:00,1966.4,1966.5,1966.45,0.5085306008284424
Orderly,,PERP_ETH_USDC,2026-06-01T16:21:48.531412+00:00,1965.02,1965.03,1965.025,0.05088993778700477
Hyperliquid,ETH,,2026-06-01T16:22:44.939499+00:00,1967.8,1967.9,1967.85,0.5081688136805977
Orderly,,PERP_ETH_USDC,2026-06-01T16:22:47.893190+00:00,1966.06,1966.07,1966.065,0.05086301826232044
Hyperliquid,ETH,,2026-06-01T16:23:45.057290+00:00,1966.8,1966.9,1966.85,0.5084271805177641
Orderly,,PERP_ETH_USDC,2026-06-01T16:23:46.135611+00:00,1965.17,1965.18,1965.1750000000002,0.050886053404866766
Hyperliquid,ETH,,2026-06-01T16:24:45.193979+00:00,1966.8,1966.9,1966.85,0.5084271805177641
Orderly,,PERP_ETH_USDC,2026-06-01T16:24:47.162433+00:00,1965.13,1965.14,1965.1350000000002,0.050887089182121856
Hyperliquid,ETH,,2026-06-01T16:25:45.321638+00:00,1967.4,1967.5,1967.45,0.5082721288973496
Orderly,,PERP_ETH_USDC,2026-06-01T16:25:49.527171+00:00,1966.08,1966.09,1966.085,0.05086250085825844
Hyperliquid,ETH,,2026-06-01T16:26:45.472587+00:00,1968.6,1968.7,1968.65,0.5079623091973505
Orderly,,PERP_ETH_USDC,2026-06-01T16:26:46.851222+00:00,1966.91,1966.92,1966.915,0.05084103786890082
Hyperliquid,ETH,,2026-06-01T16:27:45.609483+00:00,1968.9,1969.0,1968.95,0.5078849132781892
Orderly,,PERP_ETH_USDC,2026-06-01T16:27:47.439309+00:00,1967.37,1967.38,1967.375,0.05082915051893146
Hyperliquid,ETH,,2026-06-01T16:28:45.733721+00:00,1969.3,1969.4,1969.35,0.5077817554022211
Orderly,,PERP_ETH_USDC,2026-06-01T16:28:46.480855+00:00,1967.74,1967.75,1967.745,0.05081959298583356
Hyperliquid,ETH,,2026-06-01T16:29:45.882394+00:00,1969.8,1969.9,1969.85,0.5076528669702588
Orderly,,PERP_ETH_USDC,2026-06-01T16:29:46.347678+00:00,1968.6,1968.61,1968.605,0.050797392061845345
Hyperliquid,ETH,,2026-06-01T16:30:46.023773+00:00,1969.4,1969.5,1969.45,0.5077559724791645
Orderly,,PERP_ETH_USDC,2026-06-01T16:30:46.467659+00:00,1967.79,1967.8,1967.795,0.05081830170312916
Hyperliquid,ETH,,2026-06-01T16:31:46.174188+00:00,1969.7,1969.8,1969.75,0.5076786394207846
Orderly,,PERP_ETH_USDC,2026-06-01T16:31:46.695543+00:00,1968.18,1968.19,1968.185,0.05080823194969429
Hyperliquid,ETH,,2026-06-01T16:32:46.325168+00:00,1972.5,1972.6,1972.55,0.5069579985293607
Orderly,,PERP_ETH_USDC,2026-06-01T16:32:48.198848+00:00,1970.81,1970.82,1970.815,0.05074042972065315
Hyperliquid,ETH,,2026-06-01T16:33:46.396700+00:00,1972.6,1972.7,1972.65,0.5069322991921346
Orderly,,PERP_ETH_USDC,2026-06-01T16:33:47.036689+00:00,1970.79,1970.8,1970.795,0.05074094464412029
Hyperliquid,ETH,,2026-06-01T16:34:46.547071+00:00,1971.6,1971.7,1971.65,0.5071894098858135
Orderly,,PERP_ETH_USDC,2026-06-01T16:34:47.442644+00:00,1969.85,1969.86,1969.855,0.05076515784152085
Hyperliquid,ETH,,2026-06-01T16:35:46.641612+00:00,1971.0,1971.1,1971.05,0.5073438015266435
Orderly,,PERP_ETH_USDC,2026-06-01T16:35:47.182764+00:00,1969.47,1969.48,1969.475,0.05077495271577911
Hyperliquid,ETH,,2026-06-01T16:36:46.791065+00:00,1970.2,1970.4,1970.3000000000002,1.0150738466225724
Orderly,,PERP_ETH_USDC,2026-06-01T16:36:47.153135+00:00,1968.49,1968.5,1968.495,0.050800230633000876
Hyperliquid,ETH,,2026-06-01T16:37:46.932978+00:00,1969.3,1969.4,1969.35,0.5077817554022211
Orderly,,PERP_ETH_USDC,2026-06-01T16:37:47.375030+00:00,1967.75,1967.76,1967.755,0.0508193347240429
Hyperliquid,ETH,,2026-06-01T16:38:47.075515+00:00,1972.1,1972.2,1972.15,0.5070608219462841
Orderly,,PERP_ETH_USDC,2026-06-01T16:38:47.427437+00:00,1970.04,1970.05,1970.045,0.05076026182138431
Hyperliquid,ETH,,2026-06-01T16:39:47.226094+00:00,1971.0,1971.1,1971.05,0.5073438015266435
Orderly,,PERP_ETH_USDC,2026-06-01T16:39:47.584584+00:00,1969.06,1969.07,1969.065,0.05078552510958707
Hyperliquid,ETH,,2026-06-01T16:40:47.305414+00:00,1970.9,1971.0,1970.95,0.507369542605896
Orderly,,PERP_ETH_USDC,2026-06-01T16:40:47.726152+00:00,1969.23,1969.24,1969.2350000000001,0.05078114089984641
Hyperliquid,ETH,,2026-06-01T16:41:47.454486+00:00,1971.8,1971.9,1971.85,0.5071379668845827
Orderly,,PERP_ETH_USDC,2026-06-01T16:41:49.630875+00:00,1969.81,1969.82,1969.815,0.05076618870295386
Hyperliquid,ETH,,2026-06-01T16:42:47.551104+00:00,1972.5,1972.6,1972.55,0.5069579985293607
Orderly,,PERP_ETH_USDC,2026-06-01T16:42:48.482432+00:00,1970.65,1970.66,1970.6550000000002,0.0507445494010413
Hyperliquid,ETH,,2026-06-01T16:43:47.655168+00:00,1971.8,1971.9,1971.85,0.5071379668845827
Orderly,,PERP_ETH_USDC,2026-06-01T16:43:48.555289+00:00,1970.07,1970.08,1970.0749999999998,0.0507594888519011
Hyperliquid,ETH,,2026-06-01T16:44:47.755996+00:00,1971.2,1971.3,1971.25,0.5072923272030897
Orderly,,PERP_ETH_USDC,2026-06-01T16:44:48.932036+00:00,1969.63,1969.64,1969.6350000000002,0.0507708280975455
Hyperliquid,ETH,,2026-06-01T16:45:47.878945+00:00,1972.3,1972.4,1972.35,0.5070094050251549
Orderly,,PERP_ETH_USDC,2026-06-01T16:45:49.719518+00:00,1970.41,1970.42,1970.415,0.05075073017608425
Hyperliquid,ETH,,2026-06-01T16:46:47.890157+00:00,1972.5,1972.6,1972.55,0.5069579985293607
Orderly,,PERP_ETH_USDC,2026-06-01T16:46:48.391185+00:00,1970.77,1970.78,1970.775,0.05074145957803861
Hyperliquid,ETH,,2026-06-01T16:47:48.007356+00:00,1974.4,1974.5,1974.45,0.5064701562455826
Orderly,,PERP_ETH_USDC,2026-06-01T16:47:48.464977+00:00,1972.28,1972.29,1972.2849999999999,0.050702611437956006
Hyperliquid,ETH,,2026-06-01T16:48:48.100126+00:00,1975.2,1975.3,1975.25,0.50626502974261
Orderly,,PERP_ETH_USDC,2026-06-01T16:48:48.445740+00:00,1973.81,1973.82,1973.815,0.0506633093779858
Hyperliquid,ETH,,2026-06-01T16:49:48.241576+00:00,1973.1,1973.2,1973.15,0.5068038415738105
Orderly,,PERP_ETH_USDC,2026-06-01T16:49:49.249301+00:00,1971.5,1971.51,1971.505,0.050722671258713034
Hyperliquid,ETH,,2026-06-01T16:50:48.375328+00:00,1972.4,1972.5,1972.45,0.5069837004735687
Orderly,,PERP_ETH_USDC,2026-06-01T16:50:48.769566+00:00,1970.69,1970.7,1970.6950000000002,0.05074351941823014
Hyperliquid,ETH,,2026-06-01T16:51:48.514845+00:00,1973.1,1973.2,1973.15,0.5068038415738105
Orderly,,PERP_ETH_USDC,2026-06-01T16:51:49.026452+00:00,1971.52,1971.53,1971.525,0.05072215670605701
Hyperliquid,ETH,,2026-06-01T16:52:48.665305+00:00,1975.4,1975.5,1975.45,0.5062137740763323
Orderly,,PERP_ETH_USDC,2026-06-01T16:52:49.279650+00:00,1973.62,1973.63,1973.625,0.05066818671337401
Hyperliquid,ETH,,2026-06-01T16:53:48.815381+00:00,1974.8,1974.9,1974.85,0.5063675722213659
Orderly,,PERP_ETH_USDC,2026-06-01T16:53:49.147754+00:00,1972.97,1972.98,1972.975,0.050684879433296956
Hyperliquid,ETH,,2026-06-01T16:54:48.877025+00:00,1974.0,1974.2,1974.1,1.0131199027407198
Orderly,,PERP_ETH_USDC,2026-06-01T16:54:49.345211+00:00,1972.57,1972.58,1972.5749999999998,0.05069515734504851
Hyperliquid,ETH,,2026-06-01T16:55:49.027369+00:00,1975.9,1976.0,1975.95,0.5060856803052155
Orderly,,PERP_ETH_USDC,2026-06-01T16:55:49.397480+00:00,1974.06,1974.07,1974.065,0.05065689326334698
Hyperliquid,ETH,,2026-06-01T16:56:49.053623+00:00,1975.4,1975.5,1975.45,0.5062137740763323
Orderly,,PERP_ETH_USDC,2026-06-01T16:56:49.390543+00:00,1973.51,1973.52,1973.5149999999999,0.050671010861285094
Hyperliquid,ETH,,2026-06-01T16:57:49.123789+00:00,1976.0,1976.1,1976.05,0.5060600693297693
Orderly,,PERP_ETH_USDC,2026-06-01T16:57:49.782097+00:00,1974.48,1974.49,1974.4850000000001,0.05064611784840556
Hyperliquid,ETH,,2026-06-01T16:58:49.228594+00:00,1977.7,1977.9,1977.8000000000002,1.0112245929823311
Orderly,,PERP_ETH_USDC,2026-06-01T16:58:50.525867+00:00,1976.46,1976.47,1976.4650000000001,0.05059538114760901
Hyperliquid,ETH,,2026-06-01T16:59:49.347943+00:00,1977.8,1977.9,1977.85,0.5055995146251557
Orderly,,PERP_ETH_USDC,2026-06-01T16:59:50.286539+00:00,1976.52,1976.53,1976.525,0.05059384525867826
Hyperliquid,ETH,,2026-06-01T17:00:49.479399+00:00,1978.9,1979.0,1978.95,0.5053184769696508
Orderly,,PERP_ETH_USDC,2026-06-01T17:00:51.603596+00:00,1977.65,1977.66,1977.6550000000002,0.05056493675585936
Hyperliquid,ETH,,2026-06-01T17:01:49.545677+00:00,1977.9,1978.0,1977.95,0.5055739528294904
Orderly,,PERP_ETH_USDC,2026-06-01T17:01:49.916143+00:00,1977.1,1977.11,1977.105,0.050579003138381144
Hyperliquid,ETH,,2026-06-01T17:02:49.689009+00:00,1979.8,1979.9,1979.85,0.5050887693519025
Orderly,,PERP_ETH_USDC,2026-06-01T17:02:50.803222+00:00,1978.51,1978.52,1978.5149999999999,0.05054295772329705
Hyperliquid,ETH,,2026-06-01T17:03:49.829895+00:00,1980.0,1980.1,1980.05,0.5050377515714707
Orderly,,PERP_ETH_USDC,2026-06-01T17:03:50.426059+00:00,1978.31,1978.45,1978.38,0.7076496931838172
Hyperliquid,ETH,,2026-06-01T17:04:49.844567+00:00,1982.5,1982.6,1982.55,0.5044008978331394
Orderly,,PERP_ETH_USDC,2026-06-01T17:04:51.147773+00:00,1980.82,1980.83,1980.8249999999998,0.05048401549854684
Hyperliquid,ETH,,2026-06-01T17:05:49.991659+00:00,1982.8,1982.9,1982.85,0.5043245833025011
Orderly,,PERP_ETH_USDC,2026-06-01T17:05:51.238755+00:00,1981.44,1981.45,1981.4450000000002,0.05046821890080676
Hyperliquid,ETH,,2026-06-01T17:06:50.112521+00:00,1983.6,1983.7,1983.65,0.5041211907349402
Orderly,,PERP_ETH_USDC,2026-06-01T17:06:50.559105+00:00,1981.87,1981.88,1981.875,0.050457269001416734
Hyperliquid,ETH,,2026-06-01T17:07:50.257996+00:00,1983.5,1983.6,1983.55,0.5041466058325177
Orderly,,PERP_ETH_USDC,2026-06-01T17:07:50.888497+00:00,1981.93,1981.94,1981.935,0.050455741484917035
Hyperliquid,ETH,,2026-06-01T17:08:50.374095+00:00,1983.5,1983.6,1983.55,0.5041466058325177
Orderly,,PERP_ETH_USDC,2026-06-01T17:08:50.708235+00:00,1982.02,1982.03,1982.025,0.05045345038529234
Hyperliquid,ETH,,2026-06-01T17:09:50.397308+00:00,1982.2,1982.3,1982.25,0.5044772354642908
Orderly,,PERP_ETH_USDC,2026-06-01T17:09:51.134281+00:00,1980.77,1980.78,1980.775,0.05048528984862442
Hyperliquid,ETH,,2026-06-01T17:10:50.539247+00:00,1983.2,1983.3,1983.25,0.5042228665065375
Orderly,,PERP_ETH_USDC,2026-06-01T17:10:51.160395+00:00,1981.81,1981.82,1981.815,0.0504587966081138
Hyperliquid,ETH,,2026-06-01T17:11:50.669648+00:00,1983.2,1983.3,1983.25,0.5042228665065375
Orderly,,PERP_ETH_USDC,2026-06-01T17:11:51.116337+00:00,1981.91,1981.92,1981.915,0.05045625064642482
Hyperliquid,ETH,,2026-06-01T17:12:50.818663+00:00,1984.2,1984.3,1984.25,0.5039687539367975
Orderly,,PERP_ETH_USDC,2026-06-01T17:12:51.307448+00:00,1982.84,1982.85,1982.8449999999998,0.05043258550209878
Hyperliquid,ETH,,2026-06-01T17:13:50.966903+00:00,1984.0,1984.1,1984.05,0.5040195559583128
Orderly,,PERP_ETH_USDC,2026-06-01T17:13:52.284528+00:00,1982.75,1982.76,1982.755,0.050434874707116634
Hyperliquid,ETH,,2026-06-01T17:14:51.001003+00:00,1983.2,1983.3,1983.25,0.5042228665065375
Orderly,,PERP_ETH_USDC,2026-06-01T17:14:53.176675+00:00,1982.01,1982.02,1982.0149999999999,0.050453704941642245
Hyperliquid,ETH,,2026-06-01T17:15:51.128150+00:00,1986.3,1986.4,1986.35,0.5034359503619021
Orderly,,PERP_ETH_USDC,2026-06-01T17:15:51.970070+00:00,1984.86,1984.87,1984.8649999999998,0.05038126018641523
Hyperliquid,ETH,,2026-06-01T17:16:51.275085+00:00,1984.7,1984.8,1984.75,0.5038417936763272
Orderly,,PERP_ETH_USDC,2026-06-01T17:16:52.754965+00:00,1983.64,1983.65,1983.645,0.05041224614278717
Hyperliquid,ETH,,2026-06-01T17:17:51.350446+00:00,1984.6,1984.7,1984.65,0.5038671806118783
Orderly,,PERP_ETH_USDC,2026-06-01T17:17:51.896713+00:00,1983.33,1983.34,1983.335,0.050420125697327504
Hyperliquid,ETH,,2026-06-01T17:18:51.492609+00:00,1982.4,1982.5,1982.45,0.5044263411430757
Orderly,,PERP_ETH_USDC,2026-06-01T17:18:51.935871+00:00,1980.63,1980.64,1980.6350000000002,0.05048885837113302
Hyperliquid,ETH,,2026-06-01T17:19:51.637167+00:00,1983.5,1983.6,1983.55,0.5041466058325177
Orderly,,PERP_ETH_USDC,2026-06-01T17:19:51.990139+00:00,1982.25,1982.26,1982.255,0.0504475962981095
Hyperliquid,ETH,,2026-06-01T17:20:51.743457+00:00,1983.9,1984.0,1983.95,0.5040449608100458
Orderly,,PERP_ETH_USDC,2026-06-01T17:20:52.103844+00:00,1982.74,1982.75,1982.745,0.050435129076058224
Hyperliquid,ETH,,2026-06-01T17:21:51.891156+00:00,1984.7,1984.8,1984.75,0.5038417936763272
Orderly,,PERP_ETH_USDC,2026-06-01T17:21:52.304338+00:00,1983.45,1983.46,1983.455,0.05041707525500153
Hyperliquid,ETH,,2026-06-01T17:22:52.038426+00:00,1983.8,1983.9,1983.85,0.5040703682240917
Orderly,,PERP_ETH_USDC,2026-06-01T17:22:52.510809+00:00,1982.61,1982.62,1982.6149999999998,0.05043843610580424
Hyperliquid,ETH,,2026-06-01T17:23:52.188594+00:00,1985.4,1985.5,1985.45,0.5036641567398275
Orderly,,PERP_ETH_USDC,2026-06-01T17:23:52.914691+00:00,1984.32,1984.33,1984.3249999999998,0.050394970581890096
Hyperliquid,ETH,,2026-06-01T17:24:52.278162+00:00,1985.4,1985.6,1985.5,1.007302946360202
Orderly,,PERP_ETH_USDC,2026-06-01T17:24:52.650123+00:00,1984.23,1984.24,1984.2350000000001,0.05039725637331719
Hyperliquid,ETH,,2026-06-01T17:25:52.428836+00:00,1984.3,1984.4,1984.35,0.503943356767387
Orderly,,PERP_ETH_USDC,2026-06-01T17:25:53.059026+00:00,1983.09,1983.1,1983.0949999999998,0.05042622768950003
Hyperliquid,ETH,,2026-06-01T17:26:52.435243+00:00,1986.3,1986.4,1986.35,0.5034359503619021
Orderly,,PERP_ETH_USDC,2026-06-01T17:26:52.778254+00:00,1985.03,1985.04,1985.0349999999999,0.05037694549461801
Hyperliquid,ETH,,2026-06-01T17:27:52.552902+00:00,1985.9,1986.0,1985.95,0.5035373498824696
Orderly,,PERP_ETH_USDC,2026-06-01T17:27:53.637374+00:00,1984.72,1984.73,1984.725,0.050384814017009436
Hyperliquid,ETH,,2026-06-01T17:28:52.689991+00:00,1984.8,1984.9,1984.85,0.5038164093011382
Orderly,,PERP_ETH_USDC,2026-06-01T17:28:53.237721+00:00,1983.63,1983.64,1983.6350000000002,0.05041250028352446
Hyperliquid,ETH,,2026-06-01T17:29:52.796947+00:00,1985.1,1985.2,1985.15,0.5037402715166935
Orderly,,PERP_ETH_USDC,2026-06-01T17:29:53.161236+00:00,1986.61,1986.72,1986.665,0.5536917396749192
Hyperliquid,ETH,,2026-06-01T17:30:52.931659+00:00,1991.3,1991.4,1991.35,0.5021718934398094
Orderly,,PERP_ETH_USDC,2026-06-01T17:30:53.898839+00:00,1990.26,1990.27,1990.2649999999999,0.05024456542214683
Hyperliquid,ETH,,2026-06-01T17:31:53.081142+00:00,1990.7,1990.8,1990.75,0.5023232450077059
Orderly,,PERP_ETH_USDC,2026-06-01T17:31:53.965024+00:00,1989.31,1989.32,1989.315,0.05026855978058229
Hyperliquid,ETH,,2026-06-01T17:32:53.175680+00:00,1987.2,1987.3,1987.25,0.5032079506851632
Orderly,,PERP_ETH_USDC,2026-06-01T17:32:54.031786+00:00,1985.96,1985.97,1985.9650000000001,0.05035335466632546
Hyperliquid,ETH,,2026-06-01T17:33:53.181929+00:00,1987.0,1987.1,1987.05,0.50325859943086
Orderly,,PERP_ETH_USDC,2026-06-01T17:33:53.512702+00:00,1986.06,1986.07,1986.065,0.05035081933366182
Hyperliquid,ETH,,2026-06-01T17:34:53.326600+00:00,1987.0,1987.1,1987.05,0.50325859943086
Orderly,,PERP_ETH_USDC,2026-06-01T17:34:53.653655+00:00,1985.74,1985.75,1985.745,0.050358933297029104
Hyperliquid,ETH,,2026-06-01T17:35:53.449442+00:00,1986.8,1986.9,1986.85,0.5033092583744945
Orderly,,PERP_ETH_USDC,2026-06-01T17:35:53.833605+00:00,1986.04,1986.05,1986.045,0.050351326379769364
Hyperliquid,ETH,,2026-06-01T17:36:53.533205+00:00,1987.5,1987.6,1987.55,0.5031319966788712
Orderly,,PERP_ETH_USDC,2026-06-01T17:36:54.209698+00:00,1986.74,1986.75,1986.745,0.05033358584010986
Hyperliquid,ETH,,2026-06-01T17:37:53.684149+00:00,1987.7,1987.8,1987.75,0.5030813734116919
Orderly,,PERP_ETH_USDC,2026-06-01T17:37:54.076697+00:00,1986.64,1986.65,1986.645,0.05033611943749842
Hyperliquid,ETH,,2026-06-01T17:38:53.828220+00:00,1987.1,1987.2,1987.15,0.5032332737847491
Orderly,,PERP_ETH_USDC,2026-06-01T17:38:54.450062+00:00,1985.98,1985.99,1985.9850000000001,0.050352847579366936
Hyperliquid,ETH,,2026-06-01T17:39:53.978385+00:00,1986.8,1986.9,1986.85,0.5033092583744945
Orderly,,PERP_ETH_USDC,2026-06-01T17:39:54.417640+00:00,1985.75,1985.76,1985.755,0.050358679696089925
Hyperliquid,ETH,,2026-06-01T17:40:54.095469+00:00,1987.1,1987.2,1987.15,0.5032332737847491
Orderly,,PERP_ETH_USDC,2026-06-01T17:40:54.445532+00:00,1987.08,1987.09,1987.085,0.050324973516436916
Hyperliquid,ETH,,2026-06-01T17:41:54.245882+00:00,1987.1,1987.2,1987.15,0.5032332737847491
Orderly,,PERP_ETH_USDC,2026-06-01T17:41:54.759025+00:00,1985.82,1985.83,1985.8249999999998,0.05035690456103084
Hyperliquid,ETH,,2026-06-01T17:42:54.368782+00:00,1986.9,1987.0,1986.95,0.5032839276273134
Orderly,,PERP_ETH_USDC,2026-06-01T17:42:54.773603+00:00,1985.83,1985.84,1985.835,0.05035665098052409
Hyperliquid,ETH,,2026-06-01T17:43:54.509760+00:00,1990.2,1990.3,1990.25,0.5024494410245398
Orderly,,PERP_ETH_USDC,2026-06-01T17:43:54.849179+00:00,1988.9,1988.91,1988.9050000000002,0.05027892232153323
Hyperliquid,ETH,,2026-06-01T17:44:54.588355+00:00,1992.4,1992.5,1992.45,0.5018946523120231
Orderly,,PERP_ETH_USDC,2026-06-01T17:44:55.392501+00:00,1991.45,1991.46,1991.455,0.050214541629064705
Hyperliquid,ETH,,2026-06-01T17:45:54.730850+00:00,1992.0,1992.1,1992.05,0.5019954318411137
Orderly,,PERP_ETH_USDC,2026-06-01T17:45:55.219398+00:00,1990.97,1990.98,1990.975,0.050226647747917005
Hyperliquid,ETH,,2026-06-01T17:46:54.881274+00:00,1993.0,1993.1,1993.05,0.5017435588666067
Orderly,,PERP_ETH_USDC,2026-06-01T17:46:55.315916+00:00,1991.88,1991.89,1991.8850000000002,0.05020370151886733
Hyperliquid,ETH,,2026-06-01T17:47:55.015034+00:00,1993.5,1993.6,1993.55,0.5016177171373131
Orderly,,PERP_ETH_USDC,2026-06-01T17:47:55.500819+00:00,1992.38,1992.39,1992.3850000000002,0.050191102623192325
Hyperliquid,ETH,,2026-06-01T17:48:55.027019+00:00,1993.7,1993.8,1993.75,0.501567398118666
Orderly,,PERP_ETH_USDC,2026-06-01T17:48:55.549238+00:00,1992.47,1992.48,1992.475,0.05018883549349882
Hyperliquid,ETH,,2026-06-01T17:49:55.032543+00:00,1996.2,1996.3,1996.25,0.5009392611141342
Orderly,,PERP_ETH_USDC,2026-06-01T17:49:56.042949+00:00,1994.93,1994.94,1994.935,0.05012694649194538
Hyperliquid,ETH,,2026-06-01T17:50:55.178815+00:00,1995.9,1996.0,1995.95,0.5010145544723518
Orderly,,PERP_ETH_USDC,2026-06-01T17:50:55.603943+00:00,1994.93,1994.94,1994.935,0.05012694649194538
Hyperliquid,ETH,,2026-06-01T17:51:55.322564+00:00,1993.7,1993.9,1993.8000000000002,1.0031096398838673
Orderly,,PERP_ETH_USDC,2026-06-01T17:51:55.701487+00:00,1992.44,1992.45,1992.4450000000002,0.05018959118063939
Hyperliquid,ETH,,2026-06-01T17:52:55.328322+00:00,1993.2,1993.3,1993.25,0.5016932145988162
Orderly,,PERP_ETH_USDC,2026-06-01T17:52:55.841239+00:00,1992.52,1992.53,1992.525,0.050187576065499326
Hyperliquid,ETH,,2026-06-01T17:53:55.456673+00:00,1991.7,1991.8,1991.75,0.5020710430521353
Orderly,,PERP_ETH_USDC,2026-06-01T17:53:55.813705+00:00,1990.42,1990.43,1990.4250000000002,0.050240526520672235
Hyperliquid,ETH,,2026-06-01T17:54:55.603636+00:00,1992.4,1992.5,1992.45,0.5018946523120231
Orderly,,PERP_ETH_USDC,2026-06-01T17:54:55.929713+00:00,1991.16,1991.17,1991.165,0.05022185504461411
Hyperliquid,ETH,,2026-06-01T17:55:55.614622+00:00,1992.2,1992.3,1992.25,0.50194503701799
Orderly,,PERP_ETH_USDC,2026-06-01T17:55:56.261405+00:00,1990.93,1990.94,1990.935,0.050227656854648216
Hyperliquid,ETH,,2026-06-01T17:56:55.757609+00:00,1993.2,1993.3,1993.25,0.5016932145988162
Orderly,,PERP_ETH_USDC,2026-06-01T17:56:56.223185+00:00,1992.08,1992.09,1992.085,0.05019866120166009
Hyperliquid,ETH,,2026-06-01T17:57:55.801516+00:00,1992.2,1992.3,1992.25,0.50194503701799
Orderly,,PERP_ETH_USDC,2026-06-01T17:57:56.156452+00:00,1990.68,1990.69,1990.685,0.05023396469050054
Hyperliquid,ETH,,2026-06-01T17:58:55.941784+00:00,1990.8,1990.9,1990.85,0.5022980134120423
Orderly,,PERP_ETH_USDC,2026-06-01T17:58:56.266020+00:00,1989.31,1989.57,1989.44,1.3069004342930215
Hyperliquid,ETH,,2026-06-01T17:59:56.091032+00:00,1990.5,1990.6,1990.55,0.5023737158067321
Orderly,,PERP_ETH_USDC,2026-06-01T17:59:56.737795+00:00,1989.19,1989.2,1989.1950000000002,0.05027159227723227
Hyperliquid,ETH,,2026-06-01T18:00:56.238486+00:00,1990.6,1990.7,1990.65,0.5023484791406647
Orderly,,PERP_ETH_USDC,2026-06-01T18:00:56.575562+00:00,1989.42,1989.43,1989.4250000000002,0.050265780313361416
Hyperliquid,ETH,,2026-06-01T18:01:56.376386+00:00,1990.7,1990.8,1990.75,0.5023232450077059
Orderly,,PERP_ETH_USDC,2026-06-01T18:01:56.790556+00:00,1989.77,1989.78,1989.775,0.05025693859853956
Hyperliquid,ETH,,2026-06-01T18:02:56.465859+00:00,1990.3,1990.4,1990.35,0.5024241967500009
Orderly,,PERP_ETH_USDC,2026-06-01T18:02:57.051535+00:00,1988.61,1988.62,1988.6149999999998,0.05028625450371694
Hyperliquid,ETH,,2026-06-01T18:03:56.613287+00:00,1989.4,1989.5,1989.45,0.5026514865913144
Orderly,,PERP_ETH_USDC,2026-06-01T18:03:57.075820+00:00,1988.13,1988.14,1988.1350000000002,0.050298395229654444
Hyperliquid,ETH,,2026-06-01T18:04:56.682090+00:00,1988.8,1988.9,1988.85,0.5028031274361386
Orderly,,PERP_ETH_USDC,2026-06-01T18:04:57.396099+00:00,1987.74,1987.75,1987.745,0.05030826388692164
Hyperliquid,ETH,,2026-06-01T18:05:56.816413+00:00,1987.8,1987.9,1987.85,0.5030560655991974
Orderly,,PERP_ETH_USDC,2026-06-01T18:05:57.670082+00:00,1986.59,1986.6,1986.5949999999998,0.05033738633184372
Hyperliquid,ETH,,2026-06-01T18:06:56.963871+00:00,1988.0,1988.1,1988.05,0.5030054576087576
Orderly,,PERP_ETH_USDC,2026-06-01T18:06:57.320916+00:00,1987.06,1987.07,1987.065,0.05032548004212698
Hyperliquid,ETH,,2026-06-01T18:07:57.104498+00:00,1986.0,1986.1,1986.05,0.5035119961728509
Orderly,,PERP_ETH_USDC,2026-06-01T18:07:57.462972+00:00,1984.85,1984.86,1984.855,0.05038151401483184
Hyperliquid,ETH,,2026-06-01T18:08:57.189467+00:00,1985.9,1986.0,1985.95,0.5035373498824696
Orderly,,PERP_ETH_USDC,2026-06-01T18:08:57.554827+00:00,1985.08,1985.09,1985.085,0.05037567660826063
Hyperliquid,ETH,,2026-06-01T18:09:57.231515+00:00,1986.0,1986.1,1986.05,0.5035119961728509
Orderly,,PERP_ETH_USDC,2026-06-01T18:09:57.604895+00:00,1985.08,1985.09,1985.085,0.05037567660826063
Hyperliquid,ETH,,2026-06-01T18:10:57.236551+00:00,1985.6,1985.7,1985.65,0.5036134263346331
Orderly,,PERP_ETH_USDC,2026-06-01T18:10:57.605402+00:00,1984.61,1984.62,1984.6149999999998,0.05038760666421904
Hyperliquid,ETH,,2026-06-01T18:11:57.313494+00:00,1984.5,1984.6,1984.55,0.5038925701035956
Orderly,,PERP_ETH_USDC,2026-06-01T18:11:57.640312+00:00,1983.27,1983.28,1983.275,0.050421651056918
Hyperliquid,ETH,,2026-06-01T18:12:57.464397+00:00,1983.0,1983.1,1983.05,0.5042737197746353
Orderly,,PERP_ETH_USDC,2026-06-01T18:12:57.958175+00:00,1981.73,1981.74,1981.7350000000001,0.050460833562463725
Hyperliquid,ETH,,2026-06-01T18:13:57.585012+00:00,1984.2,1984.3,1984.25,0.5039687539367975
Orderly,,PERP_ETH_USDC,2026-06-01T18:13:57.919833+00:00,1982.93,1982.94,1982.935,0.05043029650488244
Hyperliquid,ETH,,2026-06-01T18:14:57.735845+00:00,1984.4,1984.5,1984.45,0.5039179621553027
Orderly,,PERP_ETH_USDC,2026-06-01T18:14:58.197647+00:00,1983.26,1983.27,1983.2649999999999,0.05042190529248943
Hyperliquid,ETH,,2026-06-01T18:15:57.831694+00:00,1984.4,1984.5,1984.45,0.5039179621553027
Orderly,,PERP_ETH_USDC,2026-06-01T18:15:58.198937+00:00,1983.31,1983.32,1983.315,0.05042063414026972
Hyperliquid,ETH,,2026-06-01T18:16:57.891838+00:00,1984.2,1984.3,1984.25,0.5039687539367975
Orderly,,PERP_ETH_USDC,2026-06-01T18:16:58.364761+00:00,1983.28,1983.29,1983.2849999999999,0.050421396823910364
Hyperliquid,ETH,,2026-06-01T18:17:57.922998+00:00,1983.0,1983.1,1983.05,0.5042737197746353
Orderly,,PERP_ETH_USDC,2026-06-01T18:17:58.547827+00:00,1981.91,1981.92,1981.915,0.05045625064642482
Hyperliquid,ETH,,2026-06-01T18:18:57.977116+00:00,1984.5,1984.6,1984.55,0.5038925701035956
Orderly,,PERP_ETH_USDC,2026-06-01T18:18:58.476550+00:00,1983.44,1983.45,1983.4450000000002,0.0504173294444308
Hyperliquid,ETH,,2026-06-01T18:19:58.040570+00:00,1985.1,1985.2,1985.15,0.5037402715166935
Orderly,,PERP_ETH_USDC,2026-06-01T18:19:58.412644+00:00,1984.05,1984.06,1984.0549999999998,0.05040182857829499
Hyperliquid,ETH,,2026-06-01T18:20:58.141121+00:00,1984.8,1984.9,1984.85,0.5038164093011382
Orderly,,PERP_ETH_USDC,2026-06-01T18:20:58.482412+00:00,1984.13,1984.14,1984.1350000000002,0.050399796384776756
Hyperliquid,ETH,,2026-06-01T18:21:58.278374+00:00,1986.0,1986.1,1986.05,0.5035119961728509
Orderly,,PERP_ETH_USDC,2026-06-01T18:21:58.630861+00:00,1984.76,1984.77,1984.7649999999999,0.05038379858568095
Hyperliquid,ETH,,2026-06-01T18:22:58.380497+00:00,1985.9,1986.0,1985.95,0.5035373498824696
Orderly,,PERP_ETH_USDC,2026-06-01T18:22:59.166285+00:00,1984.88,1984.89,1984.8850000000002,0.05038075253725482
Hyperliquid,ETH,,2026-06-01T18:23:58.522058+00:00,1986.3,1986.4,1986.35,0.5034359503619021
Orderly,,PERP_ETH_USDC,2026-06-01T18:23:59.018681+00:00,1985.01,1985.02,1985.0149999999999,0.050377453067059465
Hyperliquid,ETH,,2026-06-01T18:24:58.646213+00:00,1986.4,1986.5,1986.45,0.5034106068610287
Orderly,,PERP_ETH_USDC,2026-06-01T18:24:58.972961+00:00,1985.27,1985.28,1985.275,0.05037085542300641
Hyperliquid,ETH,,2026-06-01T18:25:58.785799+00:00,1987.6,1987.7,1987.65,0.5031066837729803
Orderly,,PERP_ETH_USDC,2026-06-01T18:25:59.124188+00:00,1986.49,1986.5,1986.495,0.05033992031186037
Hyperliquid,ETH,,2026-06-01T18:26:58.936220+00:00,1987.7,1987.8,1987.75,0.5030813734116919
Orderly,,PERP_ETH_USDC,2026-06-01T18:26:59.262291+00:00,1986.19,1986.2,1986.1950000000002,0.05034752378286575
Hyperliquid,ETH,,2026-06-01T18:27:58.956542+00:00,1989.8,1989.9,1989.85,0.502550443501452
Orderly,,PERP_ETH_USDC,2026-06-01T18:27:59.275206+00:00,1988.59,1988.6,1988.5949999999998,0.05028676025028176
Hyperliquid,ETH,,2026-06-01T18:28:59.092374+00:00,1991.3,1991.4,1991.35,0.5021718934398094
Orderly,,PERP_ETH_USDC,2026-06-01T18:28:59.461747+00:00,1989.91,1989.92,1989.915,0.050253402783490275
Hyperliquid,ETH,,2026-06-01T18:29:59.181225+00:00,1991.8,1991.9,1991.85,0.5020458367855835
Orderly,,PERP_ETH_USDC,2026-06-01T18:29:59.553355+00:00,1990.33,1990.34,1990.335,0.0502427983228497
Hyperliquid,ETH,,2026-06-01T18:30:59.287456+00:00,1990.9,1991.0,1990.95,0.5022727843487231
Orderly,,PERP_ETH_USDC,2026-06-01T18:30:59.638448+00:00,1989.37,1989.38,1989.375,0.05026704367059141
Hyperliquid,ETH,,2026-06-01T18:31:59.438391+00:00,1991.2,1991.3,1991.25,0.5021971123661472
Orderly,,PERP_ETH_USDC,2026-06-01T18:31:59.790800+00:00,1989.87,1989.88,1989.875,0.05025441296673549
Hyperliquid,ETH,,2026-06-01T18:32:59.588341+00:00,1994.1,1994.2,1994.15,0.5014667903624924
Orderly,,PERP_ETH_USDC,2026-06-01T18:32:59.992268+00:00,1992.66,1992.67,1992.665,0.05018405000334178
Hyperliquid,ETH,,2026-06-01T18:33:59.726138+00:00,1994.0,1994.1,1994.05,0.5014919385166323
Orderly,,PERP_ETH_USDC,2026-06-01T18:34:00.145488+00:00,1992.42,1992.43,1992.4250000000002,0.050190094984709104
Hyperliquid,ETH,,2026-06-01T18:34:59.739074+00:00,1993.3,1993.4,1993.35,0.5016680462544783
Orderly,,PERP_ETH_USDC,2026-06-01T18:35:00.117906+00:00,1992.02,1992.03,1992.025,0.05020017319055185
Hyperliquid,ETH,,2026-06-01T18:35:59.806128+00:00,1993.4,1993.5,1993.45,0.5016428804329631
Orderly,,PERP_ETH_USDC,2026-06-01T18:36:00.689885+00:00,1991.85,1991.86,1991.855,0.05020445765374942
Hyperliquid,ETH,,2026-06-01T18:36:59.952857+00:00,1994.1,1994.2,1994.15,0.5014667903624924
Orderly,,PERP_ETH_USDC,2026-06-01T18:37:00.300923+00:00,1992.53,1992.54,1992.5349999999999,0.05018732418748431
Hyperliquid,ETH,,2026-06-01T18:38:00.087478+00:00,1993.5,1993.6,1993.55,0.5016177171373131
Orderly,,PERP_ETH_USDC,2026-06-01T18:38:00.506733+00:00,1991.82,1991.83,1991.8249999999998,0.05020521381140867
Hyperliquid,ETH,,2026-06-01T18:39:00.176149+00:00,1992.3,1992.4,1992.35,0.5019198434016936
Orderly,,PERP_ETH_USDC,2026-06-01T18:39:00.525476+00:00,1990.89,1990.9,1990.895,0.0502286660019283
Hyperliquid,ETH,,2026-06-01T18:40:00.219865+00:00,1992.8,1992.9,1992.85,0.5017939132405169
Orderly,,PERP_ETH_USDC,2026-06-01T18:40:00.566365+00:00,1991.45,1991.46,1991.455,0.050214541629064705
Hyperliquid,ETH,,2026-06-01T18:41:00.369054+00:00,1993.2,1993.3,1993.25,0.5016932145988162
Orderly,,PERP_ETH_USDC,2026-06-01T18:41:00.711678+00:00,1991.84,1991.85,1991.8449999999998,0.05020470970377166
Hyperliquid,ETH,,2026-06-01T18:42:00.451646+00:00,1993.3,1993.4,1993.35,0.5016680462544783
Orderly,,PERP_ETH_USDC,2026-06-01T18:42:00.892852+00:00,1991.81,1991.82,1991.815,0.0502054658690235
Hyperliquid,ETH,,2026-06-01T18:43:00.499516+00:00,1993.0,1993.1,1993.05,0.5017435588666067
Orderly,,PERP_ETH_USDC,2026-06-01T18:43:00.863441+00:00,1991.33,1991.34,1991.335,0.05021756761163192
Hyperliquid,ETH,,2026-06-01T18:43:58.328009+00:00,1992.8,1992.9,1992.85,0.5017939132405169
Orderly,,PERP_ETH_USDC,2026-06-01T18:43:58.664656+00:00,1991.21,1991.22,1991.2150000000001,0.05022059395891907
Hyperliquid,ETH,,2026-06-01T18:44:58.467325+00:00,1992.2,1992.3,1992.25,0.50194503701799
Orderly,,PERP_ETH_USDC,2026-06-01T18:44:58.838750+00:00,1990.59,1990.6,1990.5949999999998,0.05023623589927085
Hyperliquid,ETH,,2026-06-01T18:45:58.616667+00:00,1991.1,1991.2,1991.15,0.5022223338278704
Orderly,,PERP_ETH_USDC,2026-06-01T18:45:59.001583+00:00,1989.63,1989.64,1989.6350000000002,0.05026047491118171
Hyperliquid,ETH,,2026-06-01T18:46:58.766186+00:00,1991.3,1991.4,1991.35,0.5021718934398094
Orderly,,PERP_ETH_USDC,2026-06-01T18:46:59.091990+00:00,1989.72,1989.73,1989.725,0.05025820151021325
Hyperliquid,ETH,,2026-06-01T18:47:58.819242+00:00,1993.1,1993.2,1993.15,0.50171838547092
Orderly,,PERP_ETH_USDC,2026-06-01T18:48:00.010408+00:00,1991.65,1991.66,1991.6550000000002,0.0502094991350957
Hyperliquid,ETH,,2026-06-01T18:48:58.958820+00:00,1993.0,1993.1,1993.05,0.5017435588666067
Orderly,,PERP_ETH_USDC,2026-06-01T18:48:59.290806+00:00,1991.66,1991.67,1991.665,0.050209247036981146
Hyperliquid,ETH,,2026-06-01T18:49:59.086920+00:00,1991.4,1991.5,1991.45,0.5021466770439079
Orderly,,PERP_ETH_USDC,2026-06-01T18:49:59.671017+00:00,1990.25,1990.26,1990.255,0.0502448178750507
Hyperliquid,ETH,,2026-06-01T18:50:59.235523+00:00,1992.4,1992.5,1992.45,0.5018946523120231
Orderly,,PERP_ETH_USDC,2026-06-01T18:50:59.564466+00:00,1991.14,1991.15,1991.145,0.05022235949662584
Hyperliquid,ETH,,2026-06-01T18:51:59.381281+00:00,1992.7,1992.8,1992.75,0.5018190942160786
Orderly,,PERP_ETH_USDC,2026-06-01T18:51:59.715887+00:00,1991.25,1991.26,1991.255,0.05021958513596151
Hyperliquid,ETH,,2026-06-01T18:52:59.525794+00:00,1993.3,1993.4,1993.35,0.5016680462544783
Orderly,,PERP_ETH_USDC,2026-06-01T18:53:00.247286+00:00,1991.75,1991.86,1991.8049999999998,0.5522628972208623
Hyperliquid,ETH,,2026-06-01T18:53:59.660912+00:00,1995.2,1995.3,1995.25,0.5011903270262326
Orderly,,PERP_ETH_USDC,2026-06-01T18:54:00.044619+00:00,1993.65,1993.66,1993.6550000000002,0.05015912983936992
Hyperliquid,ETH,,2026-06-01T18:54:59.787547+00:00,1994.7,1994.8,1994.75,0.5013159543797923
Orderly,,PERP_ETH_USDC,2026-06-01T18:55:00.128734+00:00,1993.37,1993.38,1993.375,0.05016617545729368
Hyperliquid,ETH,,2026-06-01T18:55:59.839248+00:00,1993.7,1993.8,1993.75,0.501567398118666
Orderly,,PERP_ETH_USDC,2026-06-01T18:56:00.418136+00:00,1992.58,1992.59,1992.585,0.050186064835331515
Hyperliquid,ETH,,2026-06-01T18:56:59.989307+00:00,1993.9,1994.0,1993.95,0.5015170891943582
Orderly,,PERP_ETH_USDC,2026-06-01T18:57:00.385709+00:00,1992.64,1992.65,1992.645,0.050184553696172196
Hyperliquid,ETH,,2026-06-01T18:58:00.140253+00:00,1992.8,1992.9,1992.85,0.5017939132405169
Orderly,,PERP_ETH_USDC,2026-06-01T18:58:00.765944+00:00,1991.45,1991.46,1991.455,0.050214541629064705
Hyperliquid,ETH,,2026-06-01T18:59:00.290512+00:00,1993.0,1993.1,1993.05,0.5017435588666067
Orderly,,PERP_ETH_USDC,2026-06-01T18:59:01.044853+00:00,1991.57,1991.58,1991.5749999999998,0.0502115160111515
Hyperliquid,ETH,,2026-06-01T19:00:00.430278+00:00,1992.5,1992.6,1992.55,0.5018694637520216
Orderly,,PERP_ETH_USDC,2026-06-01T19:00:00.774123+00:00,1991.32,1991.33,1991.3249999999998,0.050217819793308
Hyperliquid,ETH,,2026-06-01T19:01:00.474862+00:00,1992.2,1992.3,1992.25,0.50194503701799
Orderly,,PERP_ETH_USDC,2026-06-01T19:01:00.911813+00:00,1991.07,1991.08,1991.0749999999998,0.05022412515847422
Hyperliquid,ETH,,2026-06-01T19:02:00.625806+00:00,1992.5,1992.6,1992.55,0.5018694637520216
Orderly,,PERP_ETH_USDC,2026-06-01T19:02:00.953371+00:00,1991.28,1991.29,1991.2849999999999,0.05021882854534085
Hyperliquid,ETH,,2026-06-01T19:03:00.775045+00:00,1992.6,1992.7,1992.65,0.5018442777213079
Orderly,,PERP_ETH_USDC,2026-06-01T19:03:01.155462+00:00,1991.25,1991.26,1991.255,0.05021958513596151
Hyperliquid,ETH,,2026-06-01T19:04:00.915286+00:00,1992.2,1992.3,1992.25,0.50194503701799
Orderly,,PERP_ETH_USDC,2026-06-01T19:04:01.387563+00:00,1990.98,1990.99,1990.9850000000001,0.050226395477569664
Hyperliquid,ETH,,2026-06-01T19:05:01.065730+00:00,1992.1,1992.2,1992.15,0.5019702331658581
Orderly,,PERP_ETH_USDC,2026-06-01T19:05:01.407885+00:00,1990.94,1990.95,1990.9450000000002,0.050227404574164046
Hyperliquid,ETH,,2026-06-01T19:06:01.080652+00:00,1992.4,1992.5,1992.45,0.5018946523120231
Orderly,,PERP_ETH_USDC,2026-06-01T19:06:01.445483+00:00,1991.51,1991.52,1991.5149999999999,0.050213028774530474
Hyperliquid,ETH,,2026-06-01T19:07:01.126533+00:00,1993.1,1993.2,1993.15,0.50171838547092
Orderly,,PERP_ETH_USDC,2026-06-01T19:07:01.482965+00:00,1991.82,1991.83,1991.8249999999998,0.05020521381140867
Hyperliquid,ETH,,2026-06-01T19:08:01.272403+00:00,1993.2,1993.3,1993.25,0.5016932145988162
Orderly,,PERP_ETH_USDC,2026-06-01T19:08:01.876481+00:00,1992.02,1992.03,1992.025,0.05020017319055185
Hyperliquid,ETH,,2026-06-01T19:09:01.334136+00:00,1992.7,1992.8,1992.75,0.5018190942160786
Orderly,,PERP_ETH_USDC,2026-06-01T19:09:01.672854+00:00,1991.67,1991.68,1991.6750000000002,0.05020899494139809
Hyperliquid,ETH,,2026-06-01T19:10:01.480811+00:00,1993.6,1993.7,1993.65,0.5015925563671477
Orderly,,PERP_ETH_USDC,2026-06-01T19:10:01.882832+00:00,1992.32,1992.33,1992.3249999999998,0.050192614156781175
Hyperliquid,ETH,,2026-06-01T19:11:01.625536+00:00,1993.3,1993.4,1993.35,0.5016680462544783
Orderly,,PERP_ETH_USDC,2026-06-01T19:11:02.185316+00:00,1991.91,1991.92,1991.915,0.05020294540676136
Hyperliquid,ETH,,2026-06-01T19:12:01.762089+00:00,1993.0,1993.1,1993.05,0.5017435588666067
Orderly,,PERP_ETH_USDC,2026-06-01T19:12:02.255513+00:00,1991.69,1991.7,1991.6950000000002,0.05020849075782639
Hyperliquid,ETH,,2026-06-01T19:13:01.846579+00:00,1993.8,1993.9,1993.85,0.50154224239605
Orderly,,PERP_ETH_USDC,2026-06-01T19:13:02.240238+00:00,1992.66,1992.67,1992.665,0.05018405000334178
Hyperliquid,ETH,,2026-06-01T19:14:01.946997+00:00,1994.1,1994.2,1994.15,0.5014667903624924
Orderly,,PERP_ETH_USDC,2026-06-01T19:14:02.306349+00:00,1992.87,1992.88,1992.875,0.05017876184014692
Hyperliquid,ETH,,2026-06-01T19:15:01.990541+00:00,1994.6,1994.7,1994.65,0.5013410874095025
Orderly,,PERP_ETH_USDC,2026-06-01T19:15:02.372539+00:00,1993.39,1993.4,1993.395,0.05016567213217102
Hyperliquid,ETH,,2026-06-01T19:16:02.127516+00:00,1993.3,1993.4,1993.35,0.5016680462544783
Orderly,,PERP_ETH_USDC,2026-06-01T19:16:02.744068+00:00,1991.86,1991.87,1991.8649999999998,0.05020420560625798
Hyperliquid,ETH,,2026-06-01T19:17:02.276165+00:00,1993.5,1993.6,1993.55,0.5016177171373131
Orderly,,PERP_ETH_USDC,2026-06-01T19:17:02.646327+00:00,1992.43,1992.44,1992.435,0.05018984308140996
Hyperliquid,ETH,,2026-06-01T19:18:02.365659+00:00,1992.0,1992.1,1992.05,0.5019954318411137
Orderly,,PERP_ETH_USDC,2026-06-01T19:18:02.982644+00:00,1990.87,1990.88,1990.875,0.05022917059191701
Hyperliquid,ETH,,2026-06-01T19:19:02.516607+00:00,1992.5,1992.6,1992.55,0.5018694637520216
Orderly,,PERP_ETH_USDC,2026-06-01T19:19:03.156497+00:00,1991.29,1991.3,1991.295,0.05021857635353328
Hyperliquid,ETH,,2026-06-01T19:20:02.633940+00:00,1994.0,1994.2,1994.1,1.0029587282485606
Orderly,,PERP_ETH_USDC,2026-06-01T19:20:03.123954+00:00,1992.92,1992.93,1992.9250000000002,0.05017750291652172
Hyperliquid,ETH,,2026-06-01T19:21:02.766931+00:00,1993.9,1994.0,1993.95,0.5015170891943582
Orderly,,PERP_ETH_USDC,2026-06-01T19:21:03.111629+00:00,1992.99,1993.0,1992.995,0.05017574053116493
Hyperliquid,ETH,,2026-06-01T19:22:02.831669+00:00,1994.5,1994.6,1994.55,0.5013662229571034
Orderly,,PERP_ETH_USDC,2026-06-01T19:22:03.266586+00:00,1993.26,1993.27,1993.2649999999999,0.05016894391860042
Hyperliquid,ETH,,2026-06-01T19:23:02.956951+00:00,1994.6,1994.7,1994.65,0.5013410874095025
Orderly,,PERP_ETH_USDC,2026-06-01T19:23:03.434987+00:00,1993.25,1993.26,1993.255,0.05016919561215653
Hyperliquid,ETH,,2026-06-01T19:24:03.068210+00:00,1994.3,1994.4,1994.35,0.5014165016177523
Orderly,,PERP_ETH_USDC,2026-06-01T19:24:03.414280+00:00,1993.0,1993.01,1993.005,0.05017548877193436
Hyperliquid,ETH,,2026-06-01T19:25:03.207806+00:00,1995.1,1995.2,1995.15,0.5012154474607745
Orderly,,PERP_ETH_USDC,2026-06-01T19:25:04.506670+00:00,1993.72,1993.73,1993.725,0.05015736874439005
Hyperliquid,ETH,,2026-06-01T19:26:03.355094+00:00,1995.6,1995.7,1995.65,0.501089870468952
Orderly,,PERP_ETH_USDC,2026-06-01T19:26:03.761389+00:00,1994.35,1994.36,1994.355,0.05014152445272233
Hyperliquid,ETH,,2026-06-01T19:27:03.474002+00:00,1998.0,1998.1,1998.05,0.5004879757759269
Orderly,,PERP_ETH_USDC,2026-06-01T19:27:03.866513+00:00,1996.12,1996.13,1996.125,0.05009706306077164
Hyperliquid,ETH,,2026-06-01T19:28:03.624978+00:00,1996.8,1996.9,1996.85,0.500788742269757
Orderly,,PERP_ETH_USDC,2026-06-01T19:28:03.965700+00:00,1995.65,1995.66,1995.6550000000002,0.050108861501566675
Hyperliquid,ETH,,2026-06-01T19:29:03.775457+00:00,1998.0,1998.1,1998.05,0.5004879757759269
Orderly,,PERP_ETH_USDC,2026-06-01T19:29:04.153443+00:00,1997.02,1997.03,1997.025,0.05007448579757842
Hyperliquid,ETH,,2026-06-01T19:30:03.835608+00:00,2002.8,2002.9,2002.85,0.4992885138684196
Orderly,,PERP_ETH_USDC,2026-06-01T19:30:04.242068+00:00,2001.18,2001.19,2001.185,0.04997039254237317
Hyperliquid,ETH,,2026-06-01T19:31:03.871259+00:00,2003.4,2003.5,2003.45,0.499138985249989
Orderly,,PERP_ETH_USDC,2026-06-01T19:31:04.312525+00:00,2002.12,2002.13,2002.125,0.04994693138649325
Hyperliquid,ETH,,2026-06-01T19:32:04.020415+00:00,2002.0,2002.1,2002.05,0.4994880247741518
Orderly,,PERP_ETH_USDC,2026-06-01T19:32:04.364864+00:00,2000.66,2000.67,2000.665,0.04998338052592966
Hyperliquid,ETH,,2026-06-01T19:33:04.163295+00:00,2003.5,2003.6,2003.55,0.4991140725208208
Orderly,,PERP_ETH_USDC,2026-06-01T19:33:04.649381+00:00,2002.12,2002.13,2002.125,0.04994693138649325
Hyperliquid,ETH,,2026-06-01T19:34:04.302190+00:00,2003.5,2003.6,2003.55,0.4991140725208208
Orderly,,PERP_ETH_USDC,2026-06-01T19:34:04.695129+00:00,2002.17,2002.18,2002.1750000000002,0.04994568406853
Hyperliquid,ETH,,2026-06-01T19:35:04.355645+00:00,2002.8,2002.9,2002.85,0.4992885138684196
Orderly,,PERP_ETH_USDC,2026-06-01T19:35:04.786522+00:00,2001.49,2001.5,2001.495,0.04996265291689914
Hyperliquid,ETH,,2026-06-01T19:36:04.490031+00:00,2002.7,2002.8,2002.75,0.499313444014026
Orderly,,PERP_ETH_USDC,2026-06-01T19:36:04.833928+00:00,2001.32,2001.33,2001.3249999999998,0.049966896930737914
Hyperliquid,ETH,,2026-06-01T19:37:04.623888+00:00,2003.9,2004.0,2003.95,0.4990144464677714
Orderly,,PERP_ETH_USDC,2026-06-01T19:37:04.948837+00:00,2002.6,2002.61,2002.605,0.049934959714925835
Hyperliquid,ETH,,2026-06-01T19:38:04.745786+00:00,2003.4,2003.5,2003.45,0.499138985249989
Orderly,,PERP_ETH_USDC,2026-06-01T19:38:05.078951+00:00,2002.09,2002.1,2002.0949999999998,0.04994767980535842
Hyperliquid,ETH,,2026-06-01T19:39:04.891436+00:00,2005.8,2005.9,2005.85,0.49854176533707123
Orderly,,PERP_ETH_USDC,2026-06-01T19:39:05.776197+00:00,2004.48,2004.49,2004.4850000000001,0.049888125877673835
Hyperliquid,ETH,,2026-06-01T19:40:04.983520+00:00,2008.7,2008.8,2008.75,0.49782202862431385
Orderly,,PERP_ETH_USDC,2026-06-01T19:40:06.057796+00:00,2007.05,2007.06,2007.0549999999998,0.04982424497580239
Hyperliquid,ETH,,2026-06-01T19:41:04.987721+00:00,2006.3,2006.4,2006.35,0.4984175243608365
Orderly,,PERP_ETH_USDC,2026-06-01T19:41:05.620706+00:00,2004.72,2004.73,2004.725,0.049882153412517456
Hyperliquid,ETH,,2026-06-01T19:42:05.109373+00:00,2005.9,2006.0,2005.95,0.49851691218579247
Orderly,,PERP_ETH_USDC,2026-06-01T19:42:05.894323+00:00,2004.4,2004.41,2004.4050000000002,0.04989011701722408
Hyperliquid,ETH,,2026-06-01T19:43:05.209803+00:00,2006.2,2006.3,2006.25,0.4984423676007928
Orderly,,PERP_ETH_USDC,2026-06-01T19:43:05.962198+00:00,2004.77,2004.78,2004.775,0.0498809093289317
Hyperliquid,ETH,,2026-06-01T19:44:05.351051+00:00,2005.8,2005.9,2005.85,0.49854176533707123
Orderly,,PERP_ETH_USDC,2026-06-01T19:44:05.904079+00:00,2004.56,2004.57,2004.565,0.049886134897052
Hyperliquid,ETH,,2026-06-01T19:45:05.427323+00:00,2006.2,2006.3,2006.25,0.4984423676007928
Orderly,,PERP_ETH_USDC,2026-06-01T19:45:05.969012+00:00,2004.68,2004.69,2004.685,0.0498831487240684
Hyperliquid,ETH,,2026-06-01T19:46:05.544430+00:00,2004.5,2004.7,2004.6,0.9977052778611467
Orderly,,PERP_ETH_USDC,2026-06-01T19:46:06.053144+00:00,2003.16,2003.17,2003.165,0.04992100001742695
Hyperliquid,ETH,,2026-06-01T19:47:05.693685+00:00,2004.9,2005.1,2005.0,0.9975062344130579
Orderly,,PERP_ETH_USDC,2026-06-01T19:47:06.180529+00:00,2003.45,2003.46,2003.455,0.049913773955446494
Hyperliquid,ETH,,2026-06-01T19:48:05.835247+00:00,2004.4,2004.5,2004.45,0.4988899698167031
Orderly,,PERP_ETH_USDC,2026-06-01T19:48:06.420316+00:00,2002.99,2003.0,2002.995,0.04992523695761051
Hyperliquid,ETH,,2026-06-01T19:49:05.980327+00:00,2004.7,2004.8,2004.75,0.4988153136296748
Orderly,,PERP_ETH_USDC,2026-06-01T19:49:06.889181+00:00,2003.19,2003.2,2003.1950000000002,0.049920252396750714
Hyperliquid,ETH,,2026-06-01T19:50:06.121073+00:00,2003.4,2003.5,2003.45,0.499138985249989
Orderly,,PERP_ETH_USDC,2026-06-01T19:50:06.623109+00:00,2001.95,2001.96,2001.955,0.049951172728612304
Hyperliquid,ETH,,2026-06-01T19:51:06.272028+00:00,2003.7,2003.8,2003.75,0.4990642545223159
Orderly,,PERP_ETH_USDC,2026-06-01T19:51:07.034381+00:00,2002.61,2002.62,2002.6149999999998,0.04993471036615079
Hyperliquid,ETH,,2026-06-01T19:52:06.381025+00:00,2003.8,2003.9,2003.85,0.49903934925336946
Orderly,,PERP_ETH_USDC,2026-06-01T19:52:06.963114+00:00,2002.59,2002.6,2002.5949999999998,0.04993520906619115
Hyperliquid,ETH,,2026-06-01T19:53:06.524885+00:00,2003.2,2003.3,2003.25,0.499188818170019
Orderly,,PERP_ETH_USDC,2026-06-01T19:53:07.480794+00:00,2001.75,2001.76,2001.755,0.04995616346651266
Hyperliquid,ETH,,2026-06-01T19:54:06.554422+00:00,2003.2,2003.3,2003.25,0.499188818170019
Orderly,,PERP_ETH_USDC,2026-06-01T19:54:07.243632+00:00,2002.1,2002.11,2002.105,0.049947430329532694
Hyperliquid,ETH,,2026-06-01T19:55:06.665351+00:00,2003.4,2003.5,2003.45,0.499138985249989
Orderly,,PERP_ETH_USDC,2026-06-01T19:55:07.322609+00:00,2001.93,2001.94,2001.935,0.04995167175752912
Hyperliquid,ETH,,2026-06-01T19:56:06.816287+00:00,2003.4,2003.5,2003.45,0.499138985249989
Orderly,,PERP_ETH_USDC,2026-06-01T19:56:07.534709+00:00,2001.59,2001.6,2001.5949999999998,0.049960156774926524
Hyperliquid,ETH,,2026-06-01T19:57:06.939058+00:00,2003.8,2003.9,2003.85,0.49903934925336946
Orderly,,PERP_ETH_USDC,2026-06-01T19:57:07.858473+00:00,2002.39,2002.4,2002.395,0.04994019661450865
Hyperliquid,ETH,,2026-06-01T19:58:06.967115+00:00,2003.9,2004.0,2003.95,0.4990144464677714
Orderly,,PERP_ETH_USDC,2026-06-01T19:58:07.831038+00:00,2002.51,2002.52,2002.5149999999999,0.04993720396596732
Hyperliquid,ETH,,2026-06-01T19:59:07.106288+00:00,2004.1,2004.2,2004.15,0.49896464835534476
Orderly,,PERP_ETH_USDC,2026-06-01T19:59:07.799054+00:00,2002.74,2002.75,2002.745,0.0499314690586715
Hyperliquid,ETH,,2026-06-01T20:00:07.255333+00:00,2004.8,2004.9,2004.85,0.4987904332001717
Orderly,,PERP_ETH_USDC,2026-06-01T20:00:07.787648+00:00,2003.43,2003.44,2003.435,0.049914272237386814
Hyperliquid,ETH,,2026-06-01T20:01:07.256677+00:00,2004.2,2004.3,2004.25,0.49893975302436844
Orderly,,PERP_ETH_USDC,2026-06-01T20:01:07.892792+00:00,2002.67,2002.68,2002.6750000000002,0.04993321432579377
Hyperliquid,ETH,,2026-06-01T20:02:07.382262+00:00,2002.7,2002.8,2002.75,0.499313444014026
Orderly,,PERP_ETH_USDC,2026-06-01T20:02:07.903420+00:00,2001.5,2001.51,2001.505,0.04996240329147769
Hyperliquid,ETH,,2026-06-01T20:03:07.528763+00:00,2002.8,2002.9,2002.85,0.4992885138684196
Orderly,,PERP_ETH_USDC,2026-06-01T20:03:08.283901+00:00,2001.75,2001.76,2001.755,0.04995616346651266
Hyperliquid,ETH,,2026-06-01T20:04:07.591109+00:00,2002.6,2002.7,2002.65,0.4993383766516187
Orderly,,PERP_ETH_USDC,2026-06-01T20:04:08.252143+00:00,2001.28,2001.29,2001.2849999999999,0.049967895627014175
Hyperliquid,ETH,,2026-06-01T20:05:07.741761+00:00,2002.2,2002.3,2002.25,0.4994381321009317
Orderly,,PERP_ETH_USDC,2026-06-01T20:05:08.369685+00:00,2000.98,2000.99,2000.9850000000001,0.04997538712179704
Hyperliquid,ETH,,2026-06-01T20:06:07.877317+00:00,2001.6,2001.7,2001.65,0.49958784003265516
Orderly,,PERP_ETH_USDC,2026-06-01T20:06:08.603137+00:00,2000.45,2000.46,2000.455,0.049988627587178446
Hyperliquid,ETH,,2026-06-01T20:07:07.967201+00:00,2002.4,2002.5,2002.45,0.4993882493940376
Orderly,,PERP_ETH_USDC,2026-06-01T20:07:08.667472+00:00,2001.09,2001.1,2001.0949999999998,0.04997263997956571
Hyperliquid,ETH,,2026-06-01T20:08:08.051512+00:00,2003.4,2003.5,2003.45,0.499138985249989
Orderly,,PERP_ETH_USDC,2026-06-01T20:08:08.634817+00:00,2002.48,2002.49,2002.4850000000001,0.04993795209447713
Hyperliquid,ETH,,2026-06-01T20:09:08.145513+00:00,2002.8,2002.9,2002.85,0.4992885138684196
Orderly,,PERP_ETH_USDC,2026-06-01T20:09:08.707307+00:00,2001.4,2001.41,2001.4050000000002,0.04996489965794482
Hyperliquid,ETH,,2026-06-01T20:10:08.295969+00:00,2001.6,2001.7,2001.65,0.49958784003265516
Orderly,,PERP_ETH_USDC,2026-06-01T20:10:08.846784+00:00,2000.4,2000.41,2000.4050000000002,0.04998987704985193
Hyperliquid,ETH,,2026-06-01T20:11:08.429760+00:00,2001.3,2001.4,2001.35,0.499662727659512
Orderly,,PERP_ETH_USDC,2026-06-01T20:11:09.254143+00:00,2000.0,2000.01,2000.005,0.04999987500026702
Hyperliquid,ETH,,2026-06-01T20:12:08.577812+00:00,2001.1,2001.2,2001.15,0.49971266521818164
Orderly,,PERP_ETH_USDC,2026-06-01T20:12:09.327704+00:00,2000.0,2000.01,2000.005,0.04999987500026702
Hyperliquid,ETH,,2026-06-01T20:13:08.724787+00:00,2002.1,2002.2,2002.15,0.49946307719269994
Orderly,,PERP_ETH_USDC,2026-06-01T20:13:09.456852+00:00,2001.04,2001.05,2001.045,0.04997388864313849
Hyperliquid,ETH,,2026-06-01T20:14:08.825274+00:00,2002.2,2002.3,2002.25,0.4994381321009317
Orderly,,PERP_ETH_USDC,2026-06-01T20:14:09.348346+00:00,2001.08,2001.09,2001.085,0.04997288970728832
Hyperliquid,ETH,,2026-06-01T20:15:08.976242+00:00,2002.6,2002.7,2002.65,0.4993383766516187
Orderly,,PERP_ETH_USDC,2026-06-01T20:15:09.606971+00:00,2001.39,2001.4,2001.395,0.04996514930831198
Hyperliquid,ETH,,2026-06-01T20:16:09.121390+00:00,2002.1,2002.2,2002.15,0.49946307719269994
Orderly,,PERP_ETH_USDC,2026-06-01T20:16:09.619586+00:00,2000.8,2000.81,2000.8049999999998,0.04997988309700799
Hyperliquid,ETH,,2026-06-01T20:17:09.232416+00:00,2000.9,2001.0,2000.95,0.49976261275848494
Orderly,,PERP_ETH_USDC,2026-06-01T20:17:09.874362+00:00,1999.48,1999.49,1999.4850000000001,0.050012878316120925
Hyperliquid,ETH,,2026-06-01T20:18:09.382891+00:00,2002.5,2002.6,2002.55,0.49936331177702953
Orderly,,PERP_ETH_USDC,2026-06-01T20:18:10.283792+00:00,2001.28,2001.29,2001.2849999999999,0.049967895627014175
Hyperliquid,ETH,,2026-06-01T20:19:09.501308+00:00,2002.8,2002.9,2002.85,0.4992885138684196
Orderly,,PERP_ETH_USDC,2026-06-01T20:19:10.036281+00:00,2001.68,2001.69,2001.685,0.04995791046039165
Hyperliquid,ETH,,2026-06-01T20:20:09.641639+00:00,2003.7,2003.8,2003.75,0.4990642545223159
Orderly,,PERP_ETH_USDC,2026-06-01T20:20:10.243386+00:00,2002.85,2002.86,2002.855,0.04992872674252956
Hyperliquid,ETH,,2026-06-01T20:21:09.651566+00:00,2003.2,2003.3,2003.25,0.499188818170019
Orderly,,PERP_ETH_USDC,2026-06-01T20:21:10.221661+00:00,2001.79,2001.8,2001.795,0.04995516523915238
Hyperliquid,ETH,,2026-06-01T20:22:09.713567+00:00,2004.7,2004.8,2004.75,0.4988153136296748
Orderly,,PERP_ETH_USDC,2026-06-01T20:22:10.308876+00:00,2003.48,2003.49,2003.4850000000001,0.04991302655118907
Hyperliquid,ETH,,2026-06-01T20:23:09.814019+00:00,2005.3,2005.4,2005.35,0.4986660682680651
Orderly,,PERP_ETH_USDC,2026-06-01T20:23:10.473698+00:00,2003.92,2003.93,2003.9250000000002,0.04990206719308808
Hyperliquid,ETH,,2026-06-01T20:24:09.904294+00:00,2004.5,2004.6,2004.55,0.498865081938136
Orderly,,PERP_ETH_USDC,2026-06-01T20:24:11.470629+00:00,2003.05,2003.06,2003.0549999999998,0.04992374148483644
Hyperliquid,ETH,,2026-06-01T20:25:10.030217+00:00,2004.0,2004.1,2004.05,0.49898954616855395
Orderly,,PERP_ETH_USDC,2026-06-01T20:25:10.823319+00:00,2002.63,2002.64,2002.6350000000002,0.049934211676071295
Hyperliquid,ETH,,2026-06-01T20:26:10.181211+00:00,2003.2,2003.3,2003.25,0.499188818170019
Orderly,,PERP_ETH_USDC,2026-06-01T20:26:10.666000+00:00,2001.81,2001.82,2001.815,0.04995466614043208
Hyperliquid,ETH,,2026-06-01T20:27:10.272744+00:00,2003.1,2003.2,2003.15,0.49921373836276073
Orderly,,PERP_ETH_USDC,2026-06-01T20:27:11.093995+00:00,2001.39,2001.4,2001.395,0.04996514930831198
Hyperliquid,ETH,,2026-06-01T20:28:10.422188+00:00,2003.3,2003.4,2003.35,0.4991639004673992
Orderly,,PERP_ETH_USDC,2026-06-01T20:28:10.921962+00:00,2001.98,2001.99,2001.9850000000001,0.04995042420393212
Hyperliquid,ETH,,2026-06-01T20:29:10.571155+00:00,2003.7,2003.8,2003.75,0.4990642545223159
Orderly,,PERP_ETH_USDC,2026-06-01T20:29:11.065765+00:00,2002.6,2002.61,2002.605,0.049934959714925835
Hyperliquid,ETH,,2026-06-01T20:30:10.636467+00:00,2004.8,2004.9,2004.85,0.4987904332001717
Orderly,,PERP_ETH_USDC,2026-06-01T20:30:11.175937+00:00,2003.62,2003.63,2003.625,0.04990953896172327
Hyperliquid,ETH,,2026-06-01T20:31:10.787484+00:00,2004.4,2004.5,2004.45,0.4988899698167031
Orderly,,PERP_ETH_USDC,2026-06-01T20:31:11.562029+00:00,2003.13,2003.14,2003.1350000000002,0.04992174766049669
Hyperliquid,ETH,,2026-06-01T20:32:10.917603+00:00,2005.4,2005.5,2005.45,0.4986412027221274
Orderly,,PERP_ETH_USDC,2026-06-01T20:32:11.475531+00:00,2004.09,2004.1,2004.0949999999998,0.049897834184461844
Hyperliquid,ETH,,2026-06-01T20:33:11.002265+00:00,2004.4,2004.5,2004.45,0.4988899698167031
Orderly,,PERP_ETH_USDC,2026-06-01T20:33:11.534112+00:00,2003.13,2003.14,2003.1350000000002,0.04992174766049669
Hyperliquid,ETH,,2026-06-01T20:34:11.069379+00:00,2005.8,2005.9,2005.85,0.49854176533707123
Orderly,,PERP_ETH_USDC,2026-06-01T20:34:11.744804+00:00,2005.04,2005.05,2005.045,0.049874192349752274
Hyperliquid,ETH,,2026-06-01T20:35:13.274172+00:00,2006.4,2006.5,2006.45,0.4983926835949515
Orderly,,PERP_ETH_USDC,2026-06-01T20:35:13.798401+00:00,2004.93,2004.94,2004.935,0.04987692867844047
Hyperliquid,ETH,,2026-06-01T20:36:13.424761+00:00,2007.8,2007.9,2007.85,0.4980451726978431
Orderly,,PERP_ETH_USDC,2026-06-01T20:36:13.937027+00:00,2006.24,2006.25,2006.245,0.049844360982785774
Hyperliquid,ETH,,2026-06-01T20:37:13.514395+00:00,2007.1,2007.2,2007.15,0.49821886754919376
Orderly,,PERP_ETH_USDC,2026-06-01T20:37:13.846407+00:00,2005.53,2005.54,2005.5349999999999,0.04986200689587021
Hyperliquid,ETH,,2026-06-01T20:38:13.639302+00:00,2007.3,2007.4,2007.35,0.49816922808746067
Orderly,,PERP_ETH_USDC,2026-06-01T20:38:13.965707+00:00,2005.88,2005.89,2005.8850000000002,0.04985330664515116
Hyperliquid,ETH,,2026-06-01T20:39:13.790297+00:00,2007.4,2007.5,2007.45,0.4981444120646046
Orderly,,PERP_ETH_USDC,2026-06-01T20:39:14.135120+00:00,2005.89,2005.9,2005.895,0.04985305811117185
Hyperliquid,ETH,,2026-06-01T20:40:13.793304+00:00,2006.7,2006.8,2006.75,0.49831817615502205
Orderly,,PERP_ETH_USDC,2026-06-01T20:40:14.468181+00:00,2005.33,2005.34,2005.335,0.049866979831254654
Hyperliquid,ETH,,2026-06-01T20:41:13.944290+00:00,2006.8,2006.9,2006.85,0.49829334529305347
Orderly,,PERP_ETH_USDC,2026-06-01T20:41:14.336185+00:00,2005.2,2005.21,2005.205,0.04987021277121743
Hyperliquid,ETH,,2026-06-01T20:42:14.082697+00:00,2007.7,2007.8,2007.75,0.4980699788315729
Orderly,,PERP_ETH_USDC,2026-06-01T20:42:14.489446+00:00,2006.01,2006.02,2006.0149999999999,0.04985007589669522
Hyperliquid,ETH,,2026-06-01T20:43:14.203594+00:00,2006.1,2006.2,2006.15,0.49846721331972393
Orderly,,PERP_ETH_USDC,2026-06-01T20:43:14.785512+00:00,2004.47,2004.48,2004.475,0.04988837476142584
Hyperliquid,ETH,,2026-06-01T20:44:14.303973+00:00,2007.3,2007.4,2007.35,0.49816922808746067
Orderly,,PERP_ETH_USDC,2026-06-01T20:44:14.644324+00:00,2006.05,2006.06,2006.0549999999998,0.04984908190448869
Hyperliquid,ETH,,2026-06-01T20:45:14.380168+00:00,2007.6,2007.7,2007.65,0.498094787438729
Orderly,,PERP_ETH_USDC,2026-06-01T20:45:14.748183+00:00,2006.12,2006.13,2006.125,0.049847342514640305
Hyperliquid,ETH,,2026-06-01T20:46:14.389068+00:00,2007.7,2007.8,2007.75,0.4980699788315729
Orderly,,PERP_ETH_USDC,2026-06-01T20:46:14.737075+00:00,2006.14,2006.15,2006.145,0.04984684556695007
Hyperliquid,ETH,,2026-06-01T20:47:14.527450+00:00,2007.2,2007.3,2007.25,0.4981940465806903
Orderly,,PERP_ETH_USDC,2026-06-01T20:47:14.867309+00:00,2005.61,2005.62,2005.6149999999998,0.049860017999421156
Hyperliquid,ETH,,2026-06-01T20:48:14.601091+00:00,2006.4,2006.5,2006.45,0.4983926835949515
Orderly,,PERP_ETH_USDC,2026-06-01T20:48:15.030585+00:00,2004.81,2004.82,2004.815,0.049879914106742536
Hyperliquid,ETH,,2026-06-01T20:49:14.752072+00:00,2007.4,2007.5,2007.45,0.4981444120646046
Orderly,,PERP_ETH_USDC,2026-06-01T20:49:15.112246+00:00,2005.86,2005.87,2005.8649999999998,0.049853803720544036
Hyperliquid,ETH,,2026-06-01T20:50:14.682422+00:00,2007.1,2007.2,2007.15,0.49821886754919376
Orderly,,PERP_ETH_USDC,2026-06-01T20:50:15.014102+00:00,2005.7,2005.71,2005.705,0.04985778068056322
Hyperliquid,ETH,,2026-06-01T20:51:14.796492+00:00,2006.3,2006.4,2006.35,0.4984175243608365
Orderly,,PERP_ETH_USDC,2026-06-01T20:51:15.149567+00:00,2005.03,2005.04,2005.0349999999999,0.04987444109449913
Hyperliquid,ETH,,2026-06-01T20:52:14.941955+00:00,2006.3,2006.4,2006.35,0.4984175243608365
Orderly,,PERP_ETH_USDC,2026-06-01T20:52:15.301002+00:00,2004.73,2004.74,2004.7350000000001,0.04988190459083572
Hyperliquid,ETH,,2026-06-01T20:53:15.035808+00:00,2007.2,2007.3,2007.25,0.4981940465806903
Orderly,,PERP_ETH_USDC,2026-06-01T20:53:15.510057+00:00,2005.75,2005.76,2005.755,0.04985653781239934
Hyperliquid,ETH,,2026-06-01T20:54:15.179801+00:00,2006.6,2006.7,2006.65,0.4983430094941142
Orderly,,PERP_ETH_USDC,2026-06-01T20:54:15.513071+00:00,2005.25,2005.26,2005.255,0.04986896928316301
Hyperliquid,ETH,,2026-06-01T20:55:15.298502+00:00,2006.3,2006.4,2006.35,0.4984175243608365
Orderly,,PERP_ETH_USDC,2026-06-01T20:55:15.826114+00:00,2004.55,2004.56,2004.5549999999998,0.04988638376093899
Hyperliquid,ETH,,2026-06-01T20:56:15.445286+00:00,2005.8,2005.9,2005.85,0.49854176533707123
Orderly,,PERP_ETH_USDC,2026-06-01T20:56:15.773789+00:00,2004.12,2004.13,2004.125,0.04989708725862049
Hyperliquid,ETH,,2026-06-01T20:57:15.534996+00:00,2005.9,2006.0,2005.95,0.49851691218579247
Orderly,,PERP_ETH_USDC,2026-06-01T20:57:15.912931+00:00,2004.25,2004.26,2004.255,0.04989385083230879
Hyperliquid,ETH,,2026-06-01T20:58:15.675023+00:00,2003.7,2003.8,2003.75,0.4990642545223159
Orderly,,PERP_ETH_USDC,2026-06-01T20:58:16.028451+00:00,2002.31,2002.32,2002.315,0.04994219191281544
Hyperliquid,ETH,,2026-06-01T20:59:15.824883+00:00,2005.0,2005.1,2005.05,0.498740679783093
Orderly,,PERP_ETH_USDC,2026-06-01T20:59:16.233594+00:00,2003.54,2003.55,2003.545,0.049911531809821615
Hyperliquid,ETH,,2026-06-01T21:00:15.974600+00:00,2006.1,2006.2,2006.15,0.49846721331972393
Orderly,,PERP_ETH_USDC,2026-06-01T21:00:16.815738+00:00,2004.65,2004.66,2004.6550000000002,0.049883895233797854
Hyperliquid,ETH,,2026-06-01T21:01:15.976598+00:00,2004.1,2004.2,2004.15,0.49896464835534476
Orderly,,PERP_ETH_USDC,2026-06-01T21:01:16.691285+00:00,2002.43,2002.44,2002.435,0.04993919902514141
Hyperliquid,ETH,,2026-06-01T21:03:16.240500+00:00,2005.2,2005.3,2005.25,0.4986909362917793
Orderly,,PERP_ETH_USDC,2026-06-01T21:03:16.709874+00:00,2003.78,2003.79,2003.7849999999999,0.04990555373950252
Hyperliquid,ETH,,2026-06-01T21:04:16.356517+00:00,2005.6,2005.7,2005.65,0.49859147907230283
Orderly,,PERP_ETH_USDC,2026-06-01T21:04:17.191316+00:00,2004.42,2004.43,2004.4250000000002,0.04988961921743595
Hyperliquid,ETH,,2026-06-01T21:05:16.439185+00:00,2006.7,2006.8,2006.75,0.49831817615502205
Orderly,,PERP_ETH_USDC,2026-06-01T21:05:16.802297+00:00,2005.11,2005.12,2005.1149999999998,0.04987245120599519
Hyperliquid,ETH,,2026-06-01T21:06:16.576674+00:00,2003.9,2004.0,2003.95,0.4990144464677714
Orderly,,PERP_ETH_USDC,2026-06-01T21:06:17.124652+00:00,2002.42,2002.43,2002.4250000000002,0.04993944841874679
Hyperliquid,ETH,,2026-06-01T21:07:16.632055+00:00,2003.1,2003.2,2003.15,0.49921373836276073
Orderly,,PERP_ETH_USDC,2026-06-01T21:07:16.960300+00:00,2001.52,2001.53,2001.525,0.04996190404811784
Hyperliquid,ETH,,2026-06-01T21:08:16.781407+00:00,2002.0,2002.1,2002.05,0.4994880247741518
Orderly,,PERP_ETH_USDC,2026-06-01T21:08:17.118210+00:00,2000.21,2000.22,2000.2150000000001,0.04999462557770491
Hyperliquid,ETH,,2026-06-01T21:09:16.931268+00:00,1998.9,1999.0,1998.95,0.5002626378844346
Orderly,,PERP_ETH_USDC,2026-06-01T21:09:17.329673+00:00,1997.49,1997.5,1997.495,0.05006270353613353
Hyperliquid,ETH,,2026-06-01T21:10:16.969242+00:00,1995.3,1995.4,1995.35,0.5011652091118672
Orderly,,PERP_ETH_USDC,2026-06-01T21:10:17.297321+00:00,1993.73,1993.74,1993.7350000000001,0.050157117169487946
Hyperliquid,ETH,,2026-06-01T21:11:17.062475+00:00,1996.3,1996.4,1996.35,0.5009141683579353
Orderly,,PERP_ETH_USDC,2026-06-01T21:11:17.409241+00:00,1995.0,1995.01,1995.005,0.050125187656125704
Hyperliquid,ETH,,2026-06-01T21:12:17.167932+00:00,1996.1,1996.2,1996.15,0.5009643563867265
Orderly,,PERP_ETH_USDC,2026-06-01T21:12:17.497185+00:00,1994.51,1994.52,1994.5149999999999,0.0501375020994623
Hyperliquid,ETH,,2026-06-01T21:13:17.311930+00:00,1996.9,1997.0,1996.95,0.500763664588042
Orderly,,PERP_ETH_USDC,2026-06-01T21:13:17.808127+00:00,1995.91,1995.92,1995.915,0.05010233401718463
Hyperliquid,ETH,,2026-06-01T21:14:17.316611+00:00,1997.7,1997.8,1997.75,0.5005631335247607
Orderly,,PERP_ETH_USDC,2026-06-01T21:14:18.070185+00:00,1996.61,1996.62,1996.6149999999998,0.050084768470591005
Hyperliquid,ETH,,2026-06-01T21:15:17.465962+00:00,1999.9,2000.0,1999.95,0.500012500312053
Orderly,,PERP_ETH_USDC,2026-06-01T21:15:18.038401+00:00,1998.14,1998.15,1998.145,0.0500464180526984
Hyperliquid,ETH,,2026-06-01T21:16:17.481973+00:00,1998.6,1998.7,1998.65,0.5003377279670599
Orderly,,PERP_ETH_USDC,2026-06-01T21:16:19.244824+00:00,1997.58,1997.59,1997.585,0.05006044799090354
Hyperliquid,ETH,,2026-06-01T21:17:17.564649+00:00,1995.2,1995.3,1995.25,0.5011903270262326
Orderly,,PERP_ETH_USDC,2026-06-01T21:17:18.082916+00:00,1993.62,1993.63,1993.625,0.050159884633360234
Hyperliquid,ETH,,2026-06-01T21:18:17.664018+00:00,1994.6,1994.7,1994.65,0.5013410874095025
Orderly,,PERP_ETH_USDC,2026-06-01T21:18:19.279649+00:00,1992.95,1992.96,1992.955,0.050176747593352104
Hyperliquid,ETH,,2026-06-01T21:19:17.679995+00:00,1992.7,1992.8,1992.75,0.5018190942160786
Orderly,,PERP_ETH_USDC,2026-06-01T21:19:18.312247+00:00,1991.3,1991.31,1991.3049999999998,0.05021832416425864
Hyperliquid,ETH,,2026-06-01T21:20:17.683647+00:00,1994.1,1994.2,1994.15,0.5014667903624924
Orderly,,PERP_ETH_USDC,2026-06-01T21:20:18.383824+00:00,1992.74,1992.75,1992.745,0.05018203533312544
Hyperliquid,ETH,,2026-06-01T21:21:17.811921+00:00,1995.8,1995.9,1995.85,0.501039657289558
Orderly,,PERP_ETH_USDC,2026-06-01T21:21:18.342167+00:00,1994.25,1994.26,1994.255,0.050144038751267536
Hyperliquid,ETH,,2026-06-01T21:22:17.894675+00:00,1996.5,1996.6,1996.55,0.5008639903829558
Orderly,,PERP_ETH_USDC,2026-06-01T21:22:18.443147+00:00,1994.75,1994.76,1994.755,0.050131469779451134
Hyperliquid,ETH,,2026-06-01T21:23:18.044008+00:00,1996.1,1996.2,1996.15,0.5009643563867265
Orderly,,PERP_ETH_USDC,2026-06-01T21:23:18.664180+00:00,1994.66,1994.67,1994.665,0.05013373172934255
Hyperliquid,ETH,,2026-06-01T21:24:18.193860+00:00,1995.7,1995.8,1995.75,0.501064762620113
Orderly,,PERP_ETH_USDC,2026-06-01T21:24:18.699381+00:00,1994.31,1994.32,1994.315,0.05014253014188282
Hyperliquid,ETH,,2026-06-01T21:25:18.286880+00:00,1997.0,1997.1,1997.05,0.5007385894189382
Orderly,,PERP_ETH_USDC,2026-06-01T21:25:19.089925+00:00,1995.78,1995.79,1995.7849999999999,0.05010559754678438
Hyperliquid,ETH,,2026-06-01T21:26:18.409223+00:00,1995.9,1996.0,1995.95,0.5010145544723518
Orderly,,PERP_ETH_USDC,2026-06-01T21:26:19.859902+00:00,1994.48,1994.49,1994.4850000000001,0.050138256241540564
Hyperliquid,ETH,,2026-06-01T21:27:18.525045+00:00,1994.3,1994.4,1994.35,0.5014165016177523
Orderly,,PERP_ETH_USDC,2026-06-01T21:27:19.060581+00:00,1992.73,1992.74,1992.7350000000001,0.050182287158056164
Hyperliquid,ETH,,2026-06-01T21:28:18.674631+00:00,1995.5,1995.6,1995.55,0.5011149808318962
Orderly,,PERP_ETH_USDC,2026-06-01T21:28:19.188831+00:00,1994.26,1994.27,1994.2649999999999,0.05014378731006614
Hyperliquid,ETH,,2026-06-01T21:29:18.790084+00:00,1995.0,1995.1,1995.05,0.5012405704113133
Orderly,,PERP_ETH_USDC,2026-06-01T21:29:19.309288+00:00,1993.6,1993.61,1993.605,0.05016038784007316
Hyperliquid,ETH,,2026-06-01T21:30:18.917493+00:00,1995.3,1995.4,1995.35,0.5011652091118672
Orderly,,PERP_ETH_USDC,2026-06-01T21:30:20.590315+00:00,1993.71,1993.72,1993.7150000000001,0.050157620321815824
Hyperliquid,ETH,,2026-06-01T21:31:19.061320+00:00,1995.3,1995.4,1995.35,0.5011652091118672
Orderly,,PERP_ETH_USDC,2026-06-01T21:31:19.629581+00:00,1994.15,1994.16,1994.1550000000002,0.050146553301979556
Hyperliquid,ETH,,2026-06-01T21:32:19.148870+00:00,1995.3,1995.4,1995.35,0.5011652091118672
Orderly,,PERP_ETH_USDC,2026-06-01T21:32:19.832606+00:00,1993.85,1993.86,1993.855,0.05015409846749591
Hyperliquid,ETH,,2026-06-01T21:33:19.298274+00:00,1995.0,1995.1,1995.05,0.5012405704113133
Orderly,,PERP_ETH_USDC,2026-06-01T21:33:19.800626+00:00,1993.82,1993.83,1993.8249999999998,0.050154853108928345
Hyperliquid,ETH,,2026-06-01T21:34:19.406116+00:00,1994.3,1994.4,1994.35,0.5014165016177523
Orderly,,PERP_ETH_USDC,2026-06-01T21:34:19.799654+00:00,1992.91,1992.92,1992.915,0.05017775469596498
Hyperliquid,ETH,,2026-06-01T21:35:19.464159+00:00,1994.7,1994.8,1994.75,0.5013159543797923
Orderly,,PERP_ETH_USDC,2026-06-01T21:35:19.837785+00:00,1993.18,1993.19,1993.185,0.05017095753776446
Hyperliquid,ETH,,2026-06-01T21:36:19.605758+00:00,1994.2,1994.3,1994.25,0.5014416447281387
Orderly,,PERP_ETH_USDC,2026-06-01T21:36:19.936863+00:00,1992.95,1992.96,1992.955,0.050176747593352104
Hyperliquid,ETH,,2026-06-01T21:37:19.680220+00:00,1993.7,1993.8,1993.75,0.501567398118666
Orderly,,PERP_ETH_USDC,2026-06-01T21:37:20.080488+00:00,1992.46,1992.47,1992.4650000000001,0.05018908738668386
Hyperliquid,ETH,,2026-06-01T21:38:19.681997+00:00,1995.2,1995.3,1995.25,0.5011903270262326
Orderly,,PERP_ETH_USDC,2026-06-01T21:38:20.017956+00:00,1993.96,1993.97,1993.9650000000001,0.050151331643187844
Hyperliquid,ETH,,2026-06-01T21:39:19.826563+00:00,1994.7,1994.8,1994.75,0.5013159543797923
Orderly,,PERP_ETH_USDC,2026-06-01T21:39:20.165562+00:00,1993.57,1993.58,1993.5749999999998,0.05016114267078443
Hyperliquid,ETH,,2026-06-01T21:40:19.966363+00:00,1994.4,1994.5,1994.45,0.5013913610263935
Orderly,,PERP_ETH_USDC,2026-06-01T21:40:20.298456+00:00,1993.29,1993.3,1993.295,0.05016818885308449
Hyperliquid,ETH,,2026-06-01T21:41:20.104019+00:00,1993.8,1993.9,1993.85,0.50154224239605
Orderly,,PERP_ETH_USDC,2026-06-01T21:41:20.448647+00:00,1992.43,1992.44,1992.435,0.05018984308140996
Hyperliquid,ETH,,2026-06-01T21:42:20.253867+00:00,1995.3,1995.4,1995.35,0.5011652091118672
Orderly,,PERP_ETH_USDC,2026-06-01T21:42:20.645852+00:00,1994.28,1994.29,1994.2849999999999,0.0501432844352282
Hyperliquid,ETH,,2026-06-01T21:43:20.390081+00:00,1994.6,1994.7,1994.65,0.5013410874095025
Orderly,,PERP_ETH_USDC,2026-06-01T21:43:20.804175+00:00,1993.53,1993.54,1993.5349999999999,0.05016214914707244
Hyperliquid,ETH,,2026-06-01T21:44:20.533415+00:00,1993.0,1993.1,1993.05,0.5017435588666067
Orderly,,PERP_ETH_USDC,2026-06-01T21:44:20.862239+00:00,1991.7,1991.71,1991.705,0.05020823866983768
Hyperliquid,ETH,,2026-06-01T21:45:20.665302+00:00,1993.2,1993.3,1993.25,0.5016932145988162
Orderly,,PERP_ETH_USDC,2026-06-01T21:45:21.040012+00:00,1992.1,1992.11,1992.105,0.050198157225602585
Hyperliquid,ETH,,2026-06-01T21:46:20.800834+00:00,1994.7,1994.8,1994.75,0.5013159543797923
Orderly,,PERP_ETH_USDC,2026-06-01T21:46:21.143406+00:00,1993.74,1993.75,1993.745,0.05015686559710949
Hyperliquid,ETH,,2026-06-01T21:47:20.947435+00:00,1995.1,1995.2,1995.15,0.5012154474607745
Orderly,,PERP_ETH_USDC,2026-06-01T21:47:21.312798+00:00,1993.86,1993.87,1993.8649999999998,0.050153846925398184
Hyperliquid,ETH,,2026-06-01T21:48:21.095601+00:00,1998.6,1998.7,1998.65,0.5003377279670599
Orderly,,PERP_ETH_USDC,2026-06-01T21:48:21.599217+00:00,1997.29,1997.3,1997.295,0.05006771658663796
Hyperliquid,ETH,,2026-06-01T21:49:21.231703+00:00,1997.2,1997.3,1997.25,0.500688446613639
Orderly,,PERP_ETH_USDC,2026-06-01T21:49:21.592066+00:00,1996.23,1996.24,1996.2350000000001,0.05009430252445682
Hyperliquid,ETH,,2026-06-01T21:50:21.367960+00:00,1997.5,1997.6,1997.55,0.5006132512323048
Orderly,,PERP_ETH_USDC,2026-06-01T21:50:21.714640+00:00,1996.24,1996.25,1996.245,0.05009405158179935
Hyperliquid,ETH,,2026-06-01T21:51:21.497040+00:00,1997.5,1997.6,1997.55,0.5006132512323048
Orderly,,PERP_ETH_USDC,2026-06-01T21:51:21.842936+00:00,1996.08,1996.09,1996.085,0.05009806696604055
Hyperliquid,ETH,,2026-06-01T21:52:21.643284+00:00,1996.7,1996.8,1996.75,0.5008138224610444
